
@article{garcia-diez_nanoparticle_2015,
  title = {Nanoparticle characterization by continuous contrast variation in small-angle {{X}}-ray scattering with a solvent density gradient},
  volume = {48},
  issn = {1600-5767},
  doi = {10.1107/S1600576714024455},
  timestamp = {2015-03-10T14:36:33Z},
  journal = {Journal of Applied Crystallography},
  author = {Garcia-Diez, Raul and Gollwitzer, Christian and Krumrey, Michael},
  year = {2015},
  pages = {20--28}
}

@article{krumrey_high-accuracy_2001,
  series = {Proceedings of the 7th Int. Conf. on Synchrotron Radiation Instru mentation},
  title = {High-accuracy detector calibration at the {{PTB}} four-crystal monochromator beamline},
  volume = {467\textendash{}468, Part 2},
  issn = {0168-9002},
  doi = {10.1016/S0168-9002(01)00598-8},
  timestamp = {2015-03-10T14:38:47Z},
  journal = {Nuclear Instruments and Methods in Physics Research Section A: Accelerators, Spectrometers, Detectors and Associated Equipment},
  author = {Krumrey, M. and Ulm, G.},
  year = {2001},
  pages = {1175--1178}
}

@article{wernecke_characterization_2014,
  title = {Characterization of an in-vacuum {{PILATUS 1M}} detector},
  volume = {21},
  issn = {1600-5775},
  doi = {10.1107/S160057751400294X},
  timestamp = {2016-05-30T15:28:12Z},
  journal = {J Synchrotron Radiat},
  author = {Wernecke, Jan and Gollwitzer, Christian and M{\"u}ller, Peter and Krumrey, Michael},
  year = {2014},
  pages = {529--536}
}

@article{krumrey_synchrotron_2011,
  title = {Synchrotron radiation-based x-ray reflection and scattering techniques for dimensional nanometrology},
  volume = {22},
  issn = {0957-0233},
  doi = {10.1088/0957-0233/22/9/094032},
  timestamp = {2016-05-30T15:28:24Z},
  journal = {Meas Sci Technol},
  author = {Krumrey, Michael and Gleber, Gudrun and Scholze, Frank and Wernecke, Jan},
  year = {2011},
  pages = {094032}
}

@article{gleber_traceable_2010,
  title = {Traceable size determination of {{PMMA}} nanoparticles based on {{Small Angle X}}-ray {{Scattering}} ({{SAXS}})},
  volume = {247},
  issn = {1742-6596},
  doi = {10.1088/1742-6596/247/1/012027},
  timestamp = {2016-05-30T15:28:35Z},
  journal = {J Phys Conf Ser},
  author = {Gleber, G. and Cibik, L. and Haas, S. and Hoell, A. and M{\"u}ller, P. and Krumrey, M.},
  year = {2010},
  pages = {012027}
}

@article{sakuragi_transformation_2011,
  title = {Transformation from {{Multilamellar}} to {{Unilamellar Vesicles}} by {{Addition}} of a {{Cationic Lipid}} to {{PEGylated Liposomes Explored}} with {{Synchrotron Small Angle X}}-ray {{Scattering}}},
  volume = {272},
  issn = {1742-6596},
  doi = {10.1088/1742-6596/272/1/012011},
  timestamp = {2016-05-30T15:29:17Z},
  journal = {Journal of Physics: Conference Series},
  author = {Sakuragi, Mina and Koiwai, Kazunori and Nakamura, Kouji and Masunaga, Hiroyasu and Ogawa, Hiroki and Sakurai, Kazuo},
  year = {2011},
  pages = {012011}
}

@article{fernandez_influence_2008,
  title = {Influence of salt on the structure of {{DMPG}} studied by {{SAXS}} and optical microscopy},
  volume = {1778},
  issn = {00052736},
  doi = {10.1016/j.bbamem.2007.12.005},
  timestamp = {2016-05-31T08:49:26Z},
  journal = {Biochimica et Biophysica Acta (BBA) - Biomembranes},
  author = {Fernandez, Roberto M. and Riske, Karin A. and Amaral, Lia Q. and Itri, Rosangela and Lamy, M. Teresa},
  year = {2008},
  pages = {907--916}
}

@article{pencer_small-angle_2000,
  title = {Small-angle neutron scattering from large unilamellar vesicles: {{An}} improved method for membrane thickness determination},
  volume = {61},
  shorttitle = {Small-angle neutron scattering from large unilamellar vesicles},
  doi = {10.1103/PhysRevE.61.3003},
  timestamp = {2016-05-31T08:50:06Z},
  journal = {Phys. Rev. E},
  author = {Pencer, J. and Hallett, F. R.},
  year = {2000},
  pages = {3003--3008}
}

@article{kinoshita_intermembrane_1998,
  title = {Intermembrane distance in multilamellar vesicles of phosphatidylcholine depends on the interaction free energy between solvents and the hydrophilic segments of the membrane surface},
  volume = {74},
  issn = {0301-4622},
  doi = {10.1016/S0301-4622(98)00191-4},
  timestamp = {2016-05-31T08:50:27Z},
  journal = {Biophysical Chemistry},
  author = {Kinoshita, Kouji and Furuike, Shou and Yamazaki, Masahito},
  year = {1998},
  pages = {237--249}
}

@article{kiselev_does_2003,
  title = {Does sucrose influence the properties of {{DMPC}} vesicles?},
  volume = {123},
  issn = {0009-3084},
  doi = {10.1016/S0009-3084(02)00140-8},
  timestamp = {2016-05-31T08:51:01Z},
  journal = {Chemistry and Physics of Lipids},
  author = {Kiselev, M. A. and Wartewig, S. and Janich, M. and Lesieur, P. and Kiselev, A. M. and Ollivon, M. and Neubert, R.},
  year = {2003},
  pages = {31--44}
}

@article{kiselev_sucrose_2001,
  series = {Proceedings of the 13th National Synchrotron Radiation Conference},
  title = {A sucrose solutions application to the study of model biological membranes},
  volume = {470},
  issn = {0168-9002},
  doi = {10.1016/S0168-9002(01)01087-7},
  timestamp = {2016-05-31T08:51:26Z},
  journal = {Nuclear Instruments and Methods in Physics Research Section A: Accelerators, Spectrometers, Detectors and Associated Equipment},
  author = {Kiselev, M. A. and Lesieur, P. and Kisselev, A. M. and Lombardo, D. and Killany, M. and Lesieur, S. and Ollivon, M.},
  year = {2001},
  pages = {409--416}
}

@article{kiselev_sucrose_2001-1,
  series = {Proceedings of the 5th International School and Symposium on Synchrotron Radiation in Natural Science},
  title = {Sucrose solutions as prospective medium to study the vesicle structure: {{SAXS}} and {{SANS}} study},
  volume = {328},
  issn = {0925-8388},
  shorttitle = {Sucrose solutions as prospective medium to study the vesicle structure},
  doi = {10.1016/S0925-8388(01)01348-2},
  timestamp = {2016-05-31T08:51:44Z},
  journal = {Journal of Alloys and Compounds},
  author = {Kiselev, M. A and Lesieur, P and Kisselev, A. M and Lombardo, D and Killany, M and Lesieur, S},
  year = {2001},
  pages = {71--76}
}


