
@article{Pedersen1994,
  title = {{Determination of size distribution from small-angle scattering data for systems with effective hard-sphere interactions}},
  volume = {{27}},
  issn = {00218898},
  doi = {10.1107/S0021889893013810},
  journal = {{J. Appl. Cryst.}},
  author = {Pedersen, J. S.},
  year = {1994},
  pages = {595--608}
}

@article{Avdeev2007,
  title = {{Contrast variation in small-angle scattering experiments on polydisperse and superparamagnetic systems: basic functions approach}},
  volume = {{40}},
  issn = {0021-8898},
  shorttitle = {{Contrast variation in small-angle scattering experiments on polydisperse and superparamagnetic systems}},
  doi = {10.1107/S0021889806049491},
  journal = {{J. Appl. Cryst.}},
  author = {Avdeev, Mikhail V.},
  year = {2007},
  pages = {56--70}
}

@article{Kawaguchi1992,
  title = {{The isoscattering point in X-ray scattering curves of globular solute particles measured by the contrast-variation method}},
  volume = {{25}},
  issn = {00218898},
  doi = {10.1107/S0021889892006368},
  journal = {{J. Appl. Cryst.}},
  author = {Kawaguchi, T. and Hamanaka, T.},
  year = {1992},
  pages = {778--784}
}

@article{Beurten1981,
  title = {{Polydispersity effects in the small-angle scattering of concentrated solutions of colloidal spheres}},
  volume = {{74}},
  issn = {0021-9606, 1089-7690},
  doi = {10.1063/1.441443},
  journal = {{J. Chem. Phys.}},
  author = {Beurten, P. van and Vrij, A.},
  year = {1981},
  pages = {2744--2748}
}

@article{Mansfield1970,
  title = {{Influence of capillarity on a density gradient column}},
  journal = {{T. Faraday Soc.}},
  author = {Mansfield, W.W.},
  year = {1970}
}

@article{Coombs1981,
  title = {{A density-gradient column for determining the specific gravity of fish eggs, with particular reference to eggs of the mackerel Scomber scombrus}},
  volume = {{63}},
  issn = {0025-3162, 1432-1793},
  doi = {10.1007/BF00394667},
  journal = {{Mar. Biol.}},
  author = {Coombs, S. H.},
  year = {1981},
  pages = {101--106}
}

@article{Uedaira1985,
  title = {{Sugar-water interaction from diffusion measurements}},
  volume = {{14}},
  issn = {0095-9782, 1572-8927},
  doi = {10.1007/BF00646727},
  journal = {{J. Solution. Chem.}},
  author = {Uedaira, Hisashi and Uedaira, Hatsuho},
  year = {1985},
  pages = {27--34}
}

@article{Ribeiro2006,
  title = {{Binary Mutual Diffusion Coefficients of Aqueous Solutions of Sucrose, Lactose, Glucose, and Fructose in the Temperature Range from (298.15 to 328.15) K}},
  volume = {{51}},
  issn = {0021-9568},
  doi = {10.1021/je0602061},
  journal = {{J. Chem. Eng. Data}},
  author = {Ribeiro, Ana C. F. and Ortona, Ornella and Sim\~{o}es, Susana M. N. and Santos, Cec\'{\i}lia I. A. V. and Prazeres, Pedro M. R. A. and Valente, Artur J. M. and Lobo, Victor M. M. and Burrows, Hugh D.},
  year = {2006},
  pages = {1836--1840}
}

@article{Minelli2014,
  title = {{Characterization of IgG-protein-coated polymeric nanoparticles using complementary particle sizing techniques}},
  volume = {{46}},
  issn = {1096-9918},
  doi = {10.1002/sia.5381},
  journal = {{Surf. Interface Anal.}},
  author = {Minelli, C. and Garcia-Diez, R. and Sikora, A. E. and Gollwitzer, C. and Krumrey, M. and Shard, A. G.},
  year = {2014},
  pages = {663--667}
}

@article{Berberan-Santos1997,
  title = {{On the barometric formula}},
  volume = {{65}},
  issn = {0002-9505, 1943-2909},
  doi = {10.1119/1.18555},
  journal = {{Am. J. Phys.}},
  author = {Berberan-Santos, M\'{a}rio N. and Bodunov, Evgeny N. and Pogliani, Lionello},
  year = {1997},
  pages = {404--412}
}

@incollection{Dingenouts1999,
  address = {{Berlin-Heidelberg}},
  series = {{Advances in Polymer Science}},
  title = {{Analysis of Polymer Latexes by Small-Angle X-Ray Scattering}},
  isbn = {978-3-540-64911-3, 978-3-540-68384-1},
  booktitle = {{Polymer Latexes - Epoxide Resins - Polyampholytes}},
  publisher = {{Springer Verlag}},
  author = {Dingenouts, N. and Bolze, J. and P\"{o}tschke, D. and Ballauff, M.},
  editor = {Abe, A.},
  year = {1999},
  pages = {1--47}
}

@article{Ballauff2011,
  title = {{Analysis of Polymer Colloids by Small-Angle X-Ray and Neutron Scattering: Contrast Variation}},
  volume = {{13}},
  issn = {1527-2648},
  shorttitle = {{Analysis of Polymer Colloids by Small-Angle X-Ray and Neutron Scattering}},
  doi = {10.1002/adem.201000303},
  journal = {{Adv. Eng. Mater.}},
  author = {Ballauff, Matthias},
  year = {2011},
  pages = {793--802}
}

@article{Bolze2003,
  title = {{Application of Small-Angle X-Ray Scattering as a Tool for the Structural Analysis of Industrial Polymer Dispersions}},
  volume = {{288}},
  issn = {1439-2054},
  doi = {10.1002/mame.200390046},
  journal = {{Macromol. Mater. Eng.}},
  author = {Bolze, Joerg and Ballauff, Matthias and Kijlstra, Johan and Rudhardt, Daniel},
  year = {2003},
  pages = {495--502}
}

@article{Kiselev2001,
  series = {{Proceedings of the 13th National Synchrotron Radiation Conference}},
  title = {{A sucrose solutions application to the study of model biological membranes}},
  volume = {{470}},
  issn = {0168-9002},
  doi = {10.1016/S0168-9002(01)01087-7},
  journal = {{Nucl. Instrum. Meth. A}},
  author = {Kiselev, M. A. and Lesieur, P. and Kisselev, A. M. and Lombardo, D. and Killany, M. and Lesieur, S. and Ollivon, M.},
  year = {2001},
  pages = {409--416}
}

@book{Guinier1955,
  address = {{New York}},
  title = {{Small-angle scattering of X-rays}},
  publisher = {{Wiley}},
  author = {Guinier, Andr\'{e} and Fournet, G\'{e}rard},
  year = {1955}
}

@article{Kawaguchi1995,
  title = {{The Isoscattering Points in X-ray or Neutron Scattering Curves of One- and Two-Dimensional Systems Measured by the Contrast-Variation Method}},
  volume = {{28}},
  issn = {0021-8898},
  doi = {10.1107/S0021889894012197},
  journal = {{J. Appl. Cryst.}},
  author = {Kawaguchi, T.},
  year = {1995},
  pages = {302--305}
}

@article{Kawaguchi1993,
  title = {{The isoscattering point in X-ray scattering curves of globular solute particles measured by the contrast-variation method: the influence of additive penetration into the solute particles}},
  volume = {{26}},
  issn = {00218898},
  shorttitle = {{The isoscattering point in X-ray scattering curves of globular solute particles measured by the contrast-variation method}},
  doi = {10.1107/S0021889892010392},
  journal = {{J. Appl. Cryst.}},
  author = {Kawaguchi, T.},
  year = {1993},
  pages = {214--218}
}

@article{Henke1993,
  title = {{X-Ray Interactions: Photoabsorption, Scattering, Transmission, and Reflection at E = 50-30,000 eV, Z = 1-92}},
  volume = {{54}},
  issn = {0092640X},
  shorttitle = {{X-Ray Interactions}},
  doi = {10.1006/adnd.1993.1013},
  journal = {{Atom. Data Nucl. Data}},
  author = {Henke, B.L. and Gullikson, E.M. and Davis, J.C.},
  year = {1993},
  pages = {181--342}
}

@article{Siegel1966,
  title = {{Determination of molecular weights and frictional ratios of proteins in impure systems by use of gel filtration and density gradient centrifugation. Application to crude preparations of sulfite and hydroxylamine reductases}},
  volume = {{112}},
  issn = {0926-6585},
  doi = {10.1016/0926-6585(66)90333-5},
  journal = {{BBA-Biophysics including Photosynthesis}},
  author = {Siegel, Lewis M. and Monty, Kenneth J.},
  year = {1966},
  pages = {346--362}
}

@article{Zhang2010,
  title = {{Glassy Carbon as an Absolute Intensity Calibration Standard for Small-Angle Scattering}},
  volume = {{41}},
  issn = {1073-5623, 1543-1940},
  doi = {10.1007/s11661-009-9950-x},
  journal = {{Metall. Mater. Trans. A}},
  author = {Zhang, Fan and Ilavsky, Jan and Long, Gabrielle G. and Quintana, John P. G. and Allen, Andrew J. and Jemian, Pete R.},
  year = {2010},
  pages = {1151--1158}
}

@article{Orthaber2000,
  title = {{SAXS experiments on absolute scale with Kratky systems using water as a secondary standard}},
  volume = {{33}},
  issn = {0021-8898},
  doi = {10.1107/S0021889899015216},
  journal = {{J. Appl. Cryst.}},
  author = {Orthaber, Doris and Bergmann, Alexander and Glatter, Otto},
  year = {2000},
  pages = {218--225}
}

@article{Dreiss2006,
  title = {{On the absolute calibration of bench-top small-angle X-ray scattering instruments: a comparison of different standard methods}},
  volume = {{39}},
  issn = {0021-8898},
  shorttitle = {{On the absolute calibration of bench-top small-angle X-ray scattering instruments}},
  doi = {10.1107/S0021889805033091},
  journal = {{J. Appl. Cryst.}},
  author = {Dreiss, C\'{e}cile A. and Jack, Kevin S. and Parker, Andrew P.},
  year = {2006},
  pages = {32--38}
}

@article{Arnold2006,
  title = {{Sorting carbon nanotubes by electronic structure using density differentiation}},
  volume = {{1}},
  issn = {1748-3387},
  doi = {10.1038/nnano.2006.52},
  journal = {{Nat. Nano.}},
  author = {Arnold, Michael S. and Green, Alexander A. and Hulvat, James F. and Stupp, Samuel I. and Hersam, Mark C.},
  year = {2006},
  pages = {60--65}
}

@article{Sun2009,
  title = {{Separation of Nanoparticles in a Density Gradient: FeCoC and Gold Nanocrystals}},
  volume = {{48}},
  issn = {1433-7851},
  shorttitle = {{Separation of Nanoparticles in a Density Gradient}},
  doi = {10.1002/anie.200805047},
  journal = {{Angew. Chem. Int. Edit.}},
  author = {Sun, Xiaoming and Tabakman, Scott M. and Seo, Won-Seok and Zhang, Li and Zhang, Guangyu and Sherlock, Sarah and Bai, Lu and Dai, Hongjie},
  year = {2009},
  pages = {939--942}
}

@article{Kattan1992,
  title = {{Phase I clinical trial and pharmacokinetic evaluation of doxorubicin carried by polyisohexylcyanoacrylate nanoparticles}},
  volume = {{10}},
  issn = {0167-6997, 1573-0646},
  doi = {10.1007/BF00877245},
  journal = {{Invest. New Drugs}},
  author = {Kattan, Joseph and Droz, Jean-Pierre and Couvreur, Patrick and Marino, Jean-Pierre and Boutan-Laroze, Arnaud and Rougier, Philippe and Brault, Philippe and Vranckx, Henri and Grognet, Jean-Marc and Morge, Xavier and Sancho-Garnier, H\'{e}l\`{e}ne},
  year = {1992},
  pages = {191--199}
}

@article{Vittaz1996,
  title = {{Effect of PEO surface density on long-circulating PLA-PEO nanoparticles which are very low complement activators}},
  volume = {{17}},
  issn = {0142-9612},
  doi = {10.1016/0142-9612(95)00322-3},
  journal = {{Biomaterials}},
  author = {Vittaz, Micha\"{e}lla and Bazile, Didier and Spenlehauer, Gilles and Verrecchia, Thierry and Veillard, Michel and Puisieux, Francis and Labarre, Denis},
  year = {1996},
  pages = {1575--1581}
}

@article{Vauthier1999,
  title = {{Measurement of the Density of Polymeric Nanoparticulate Drug Carriers by Isopycnic Centrifugation}},
  volume = {{1}},
  issn = {1388-0764, 1572-896X},
  doi = {10.1023/A:1010031605547},
  journal = {{J. Nanopart. Res.}},
  author = {Vauthier, C. and Schmidt, C. and Couvreur, P.},
  year = {1999},
  pages = {411--418}
}

@article{Silverstein1989,
  title = {{Microstructure of polyacrylate/polystyrene two-stage latices}},
  volume = {{30}},
  issn = {0032-3861},
  doi = {10.1016/0032-3861(89)90006-2},
  journal = {{Polymer}},
  author = {Silverstein, M. S and Talmon, Y and Narkis, M},
  year = {1989},
  pages = {416--424}
}

@article{Joensson1991,
  title = {{Morphology of two-phase polystyrene/poly(methyl methacrylate) latex particles prepared under different polymerization conditions}},
  volume = {{24}},
  issn = {0024-9297},
  doi = {10.1021/ma00001a021},
  journal = {{Macromolecules}},
  author = {Joensson, Jan Erik L. and Hassander, Helen and Jansson, Lars H. and Toernell, Bertil},
  year = {1991},
  pages = {126--131}
}

@article{deKeijser1982,
  title = {{Use of the Voigt function in a single-line method for the analysis of X-ray diffraction line broadening}},
  volume = {{15}},
  issn = {0021-8898},
  doi = {10.1107/S0021889882012035},
  journal = {{J. Appl. Cryst.}},
  author = {de Keijser, Th. H. and Langford, J. I. and Mittemeijer, E. J. and Vogels, A. B. P.},
  year = {1982},
  pages = {308--314}
}

@article{Ballauff2001,
  title = {{SAXS and SANS studies of polymer colloids}},
  volume = {{6}},
  issn = {1359-0294},
  doi = {10.1016/S1359-0294(01)00072-3},
  journal = {{Curr. Opin. Colloid In.}},
  author = {Ballauff, M.},
  year = {2001},
  pages = {132--139}
}

@book{Hinton1978,
  address = {{Amsterdam}},
  title = {{Density Gradient Centrifugation}},
  isbn = {9780080858753},
  publisher = {{Elsevier}},
  author = {Hinton, Richard Josiah and Dobrota, Miloslav},
  year = {1978}
}

@incollection{Stuhrmann1982,
  address = {{London}},
  title = {{Contrast variation}},
  isbn = {9780122862809},
  booktitle = {{Small Angle X-ray Scattering}},
  publisher = {{Academic Press}},
  author = {Stuhrmann, H. B.},
  editor = {Glatter, O. and Kratky, O.},
  year = {1982},
  pages = {197--213}
}

@article{Mertens2010,
  title = {{Structural characterization of proteins and complexes using small-angle X-ray solution scattering}},
  volume = {{172}},
  issn = {10478477},
  doi = {10.1016/j.jsb.2010.06.012},
  journal = {{J. Struc. Biol.}},
  author = {Mertens, Haydyn D.T. and Svergun, Dmitri I.},
  year = {2010},
  pages = {128--141}
}

@article{Guinier1939,
  title = {{Diffraction of X-rays of very small angles-application to the study of ultramicroscopic phenomena}},
  volume = {{12}},
  journal = {{Ann. Phys.(Paris)}},
  author = {Guinier, A.},
  year = {1939},
  pages = {161--237}
}

@article{Pedersen1997,
  title = {{Analysis of small-angle scattering data from colloids and polymer solutions: modeling and least-squares fitting}},
  volume = {{70}},
  issn = {0001-8686},
  shorttitle = {{Analysis of small-angle scattering data from colloids and polymer solutions}},
  doi = {10.1016/S0001-8686(97)00312-6},
  journal = {{Adv. Colloid Interfac.}},
  author = {Pedersen, Jan Skov},
  year = {1997},
  pages = {171--210}
}

@article{Sim2012,
  title = {{Salt dependence of the radius of gyration and flexibility of single-stranded DNA in solution probed by small-angle x-ray scattering}},
  volume = {{86}},
  doi = {10.1103/PhysRevE.86.021901},
  journal = {{Phys. Rev. E}},
  author = {Sim, Adelene Y. L. and Lipfert, Jan and Herschlag, Daniel and Doniach, Sebastian},
  year = {2012},
  pages = {021901}
}

@book{Feigin1987,
  address = {{New York}},
  edition = {{1}},
  title = {{Structure Analysis by Small-Angle X-Ray and Neutron Scattering}},
  isbn = {9781475766264},
  publisher = {{Plenum Press}},
  author = {Feigin, L. A. and Svergun, D. I.},
  editor = {Taylor, G.W.},
  year = {1987}
}

@book{Haynes2012,
  address = {{Philadelphia}},
  edition = {{93}},
  title = {{CRC Handbook of Chemistry and Physics}},
  isbn = {9781611971989},
  publisher = {{Taylor \& Francis Ltd.}},
  author = {Haynes, William M.},
  year = {2012}
}

@article{Stuhrmann2008,
  title = {{Small-angle scattering and its interplay with crystallography, contrast variation in SAXS and SANS}},
  volume = {{64}},
  issn = {0108-7673},
  doi = {10.1107/S0108767307046569},
  journal = {{Acta Crystallogr. A Found. Cryst.}},
  author = {Stuhrmann, Heinrich B.},
  year = {2008},
  pages = {181--191}
}

@article{Wernecke2014,
  title = {{Characterization of an in-vacuum PILATUS 1M detector}},
  volume = {{21}},
  issn = {1600-5775},
  doi = {10.1107/S160057751400294X},
  journal = {{J. Synchrotron Radiat.}},
  author = {Wernecke, Jan and Gollwitzer, Christian and M\"{u}ller, Peter and Krumrey, Michael},
  year = {2014},
  pages = {529--536}
}

@article{Soppimath2001,
  title = {{Biodegradable polymeric nanoparticles as drug delivery devices}},
  volume = {{70}},
  issn = {0168-3659},
  doi = {10.1016/S0168-3659(00)00339-4},
  journal = {{J. Control. Release}},
  author = {Soppimath, Kumaresh S and Aminabhavi, Tejraj M and Kulkarni, Anandrao R and Rudzinski, Walter E},
  year = {2001},
  pages = {1--20}
}

@article{Dingenouts1994,
  title = {{The interface between immiscible polymers in composite latexes: a small-angle x-ray scattering study employing contrast variation}},
  volume = {{272}},
  issn = {0303-402X, 1435-1536},
  shorttitle = {{The interface between immiscible polymers in composite latexes}},
  doi = {10.1007/BF00654168},
  journal = {{Colloid Polym. Sci.}},
  author = {Dingenouts, N. and Kim, Y. S. and Ballauff, M.},
  year = {1994},
  pages = {1380--1387}
}

@article{Krumrey2001,
  series = {{Proceedings of the 7th Int. Conf. on Synchrotron Radiation Instrumentation}},
  title = {{High-accuracy detector calibration at the PTB four-crystal monochromator beamline}},
  volume = {{467{\textendash}468}},
  issn = {0168-9002},
  doi = {10.1016/S0168-9002(01)00598-8},
  journal = {{Nucl. Instrum. Meth. A}},
  author = {Krumrey, M. and Ulm, G.},
  year = {2001},
  pages = {1175--1178}
}

@article{Stuhrmann2007,
  title = {{Contrast variation in X-ray and neutron scattering}},
  volume = {{40}},
  journal = {{J. Appl. Cryst.}},
  author = {Stuhrmann, H. B.},
  year = {2007},
  pages = {s23--s27}
}

@article{Stuhrmann1965,
  title = {{Elimination der intrapartikul\"{a}ren Untergrundstreuung bei der R\"{o}ntgenkleinwinkelstreuung an kompakten Teilchen (Proteinen)}},
  volume = {{46}},
  doi = {10.1524/zpch.1965.46.3_4.247},
  journal = {{Z. Phys. Chem.}},
  author = {Stuhrmann, H. B. and Kirste, R. G.},
  year = {1965},
  pages = {247--250}
}

@article{Stuhrmann1967,
  title = {{Elimination der intrapartikul\"{a}ren Untergrundstreuung bei der R\"{o}ntgenkleinwinkelstreuung an kompakten Teilchen. II}},
  volume = {{56}},
  doi = {10.1524/zpch.1967.56.5_6.334},
  journal = {{Z. Phys. Chem.}},
  author = {Stuhrmann, H. B. and Kirste, R. G.},
  year = {1967},
  pages = {334--337}
}


