
@article{cotton_variations_1996,
  title = {Variations on contrast in {{SANS}}: determination of self and distinct correlation functions},
  volume = {69},
  issn = {0001-8686},
  shorttitle = {Variations on contrast in {{SANS}}},
  doi = {10.1016/S0001-8686(96)00306-5},
  timestamp = {2016-03-02T12:17:25Z},
  journal = {Advances in Colloid and Interface Science},
  author = {Cotton, J. P.},
  year = {1996},
  pages = {1--29}
}

@article{banc_origin_2015,
  title = {Origin of {{Small-Angle Scattering}} from {{Contrast-Matched Nanoparticles}}: {{A Study}} of {{Chain}} and {{Filler Structure}} in {{Polymer Nanocomposites}}},
  volume = {48},
  issn = {0024-9297, 1520-5835},
  shorttitle = {Origin of {{Small-Angle Scattering}} from {{Contrast-Matched Nanoparticles}}},
  doi = {10.1021/acs.macromol.5b01424},
  timestamp = {2016-03-02T12:17:48Z},
  journal = {Macromolecules},
  author = {Banc, Am{\'e}lie and Genix, Anne-Caroline and Dupas, Christelle and Sztucki, Michael and Schweins, Ralf and Appavou, Marie-Sousai and Oberdisse, Julian},
  year = {2015},
  pages = {6596--6605}
}

@article{ballauff_saxs_2001-1,
  title = {{{SAXS}} and {{SANS}} studies of polymer colloids},
  volume = {6},
  issn = {1359-0294},
  doi = {10.1016/S1359-0294(01)00072-3},
  timestamp = {2016-03-02T12:18:35Z},
  journal = {Current Opinion in Colloid \& Interface Science},
  author = {Ballauff, M.},
  year = {2001},
  pages = {132--139}
}

@article{araki_resonant_2006,
  title = {Resonant soft x-ray scattering from structured polymer nanoparticles},
  volume = {89},
  issn = {0003-6951, 1077-3118},
  doi = {10.1063/1.2356306},
  timestamp = {2016-03-02T12:19:49Z},
  journal = {Applied Physics Letters},
  author = {Araki, Tohru and Ade, Harald and Stubbs, Jeffrey M. and Sundberg, Donald C. and Mitchell, Gary E. and Kortright, Jeffrey B. and Kilcoyne, A. L. D.},
  year = {2006},
  pages = {124106}
}

@article{mitchell_molecular_2005,
  title = {Molecular bond selective x-ray scattering for nanoscale analysis of soft matter},
  timestamp = {2016-03-02T12:20:57Z},
  journal = {Lawrence Berkeley National Laboratory},
  author = {Mitchell, G. E. and Koprinarov, I. and Landes, B. G. and Lyons, J. and Kern, B. J. and Devon, M. J. and Gullikson, E. M. and Kortright, J. B.},
  year = {2005}
}

@article{swaraj_utility_2009,
  title = {The utility of resonant soft x-ray scattering and reflectivity for the nanoscale characterization of polymers},
  volume = {167},
  issn = {1951-6355, 1951-6401},
  doi = {10.1140/epjst/e2009-00946-3},
  timestamp = {2016-03-02T12:23:21Z},
  journal = {The European Physical Journal Special Topics},
  author = {Swaraj, S. and Wang, C. and Araki, T. and Mitchell, G. and Liu, L. and Gaynor, S. and Deshmukh, B. and Yan, H. and McNeill, C. R. and Ade, H.},
  year = {2009},
  pages = {121--126}
}

@article{german_lipoproteins_2006,
  title = {Lipoproteins: {{When}} size really matters},
  volume = {11},
  issn = {1359-0294},
  shorttitle = {Lipoproteins},
  doi = {10.1016/j.cocis.2005.11.006},
  timestamp = {2016-03-24T08:38:20Z},
  journal = {Curr Opin Colloid Interface Sci},
  author = {German, J. Bruce and Smilowitz, Jennifer T. and Zivkovic, Angela M.},
  year = {2006},
  pages = {171--183},
  pmid = {20592953},
  pmcid = {PMC2893739}
}

@article{colhoun_lipoprotein_2002,
  title = {Lipoprotein subclasses and particle sizes and their relationship with coronary artery calcification in men and women with and without type 1 diabetes},
  volume = {51},
  issn = {0012-1797},
  timestamp = {2016-03-24T08:39:31Z},
  journal = {Diabetes},
  author = {Colhoun, Helen M. and Otvos, James D. and Rubens, Mike B. and Taskinen, M. R. and Underwood, S. Richard and Fuller, John H.},
  year = {2002},
  pages = {1949--1956},
  pmid = {12031985}
}

@comment{jabref-meta: groupsversion:3;}
@comment{jabref-meta: groupstree:
0 AllEntriesGroup:;
1 ExplicitGroup:contrast variation\;0\;cotton_variations_1996\;banc_or
igin_2015\;ballauff_saxs_2001-1\;araki_resonant_2006\;mitchell_molecul
ar_2005\;swaraj_utility_2009\;;
1 ExplicitGroup:Lipoproteins\;0\;german_lipoproteins_2006\;colhoun_lip
oprotein_2002\;;
}

