
@article{avdeev_contrast_2007,
  title = {Contrast variation in small-angle scattering experiments on polydisperse and superparamagnetic systems: basic functions approach},
  volume = {40},
  issn = {0021-8898},
  shorttitle = {Contrast variation in small-angle scattering experiments on polydisperse and superparamagnetic systems},
  doi = {10.1107/S0021889806049491},
  timestamp = {2015-11-09T10:47:51Z},
  journal = {{J} {Appl} {Crystallogr}},
  author = {Avdeev, {Mikhail} {V}.},
  year = {2007},
  pages = {56--70}
}

@article{kawaguchi_isoscattering_1992,
  title = {The isoscattering point in {X}-ray scattering curves of globular solute particles measured by the contrast-variation method},
  volume = {25},
  issn = {00218898},
  doi = {10.1107/S0021889892006368},
  timestamp = {2015-11-09T13:25:01Z},
  journal = {{J} {Appl} {Crystallogr}},
  author = {Kawaguchi, {T}. and {Hamanaka}, {T}.},
  year = {1992},
  pages = {778--784}
}

@article{minelli_characterization_2014,
  title = {Characterization of {IgG}-protein-coated polymeric nanoparticles using complementary particle sizing techniques},
  volume = {46},
  issn = {1096-9918},
  doi = {10.1002/sia.5381},
  timestamp = {2015-11-09T11:01:42Z},
  journal = {Surf {Interface} {Anal}},
  author = {Minelli, {C}. and {Garcia}-{Diez}, {R}. and {Sikora}, {A}. {E}. and {Gollwitzer}, {C}. and {Krumrey}, {M}. and {Shard}, {A}. {G}.},
  year = {2014},
  pages = {663--667}
}

@incollection{dingenouts_analysis_1999,
  address = {Berlin-{Heidelberg}},
  series = {Advances in {Polymer} {Science}},
  title = {Analysis of {Polymer} {Latexes} by {Small}-{Angle} {X}-{Ray} {Scattering}},
  isbn = {978-3-540-64911-3 978-3-540-68384-1},
  timestamp = {2014-07-07T13:59:47Z},
  booktitle = {Polymer {Latexes} - {Epoxide} {Resins} - {Polyampholytes}},
  publisher = {Springer {Verlag}},
  author = {Dingenouts, {N}. and {Bolze}, {J}. and {P}{\"o}tschke, {D}. and {Ballauff}, {M}.},
  editor = {Abe, {A}.},
  year = {1999},
  pages = {1--47}
}

@article{ballauff_analysis_2011,
  title = {Analysis of {Polymer} {Colloids} by {Small}-{Angle} {X}-{Ray} and {Neutron} {Scattering}: {Contrast} {Variation}},
  volume = {13},
  issn = {1527-2648},
  shorttitle = {Analysis of {Polymer} {Colloids} by {Small}-{Angle} {X}-{Ray} and {Neutron} {Scattering}},
  doi = {10.1002/adem.201000303},
  timestamp = {2015-11-09T13:16:41Z},
  journal = {Adv {Eng} {Mater}},
  author = {Ballauff, {Matthias}},
  year = {2011},
  pages = {793--802}
}

@article{kiselev_sucrose_2001,
  series = {Proceedings of the 13th {National} {Synchrotron} {Radiation} {Conference}},
  title = {{A} sucrose solutions application to the study of model biological membranes},
  volume = {470},
  issn = {0168-9002},
  doi = {10.1016/S0168-9002(01)01087-7},
  timestamp = {2014-07-07T14:23:40Z},
  journal = {Nucl. {Instrum}. {Meth}. {A}},
  author = {Kiselev, {M}. {A}. and {Lesieur}, {P}. and {Kisselev}, {A}. {M}. and {Lombardo}, {D}. and {Killany}, {M}. and {Lesieur}, {S}. and {Ollivon}, {M}.},
  year = {2001},
  pages = {409--416}
}

@article{kawaguchi_isoscattering_1995,
  title = {The {Isoscattering} {Points} in {X}-ray or {Neutron} {Scattering} {Curves} of {One}- and {Two}-{Dimensional} {Systems} {Measured} by the {Contrast}-{Variation} {Method}},
  volume = {28},
  issn = {0021-8898},
  doi = {10.1107/S0021889894012197},
  timestamp = {2015-11-09T13:18:20Z},
  journal = {{J} {Appl} {Crystallogr}},
  author = {Kawaguchi, {T}.},
  year = {1995},
  pages = {302--305}
}

@article{kawaguchi_isoscattering_1993,
  title = {The isoscattering point in {X}-ray scattering curves of globular solute particles measured by the contrast-variation method: the influence of additive penetration into the solute particles},
  volume = {26},
  issn = {00218898},
  shorttitle = {The isoscattering point in {X}-ray scattering curves of globular solute particles measured by the contrast-variation method},
  doi = {10.1107/S0021889892010392},
  timestamp = {2014-07-07T14:21:54Z},
  journal = {{J}. {Appl}. {Cryst}.},
  author = {Kawaguchi, {T}.},
  year = {1993},
  pages = {214--218}
}

@article{vittaz_effect_1996,
  title = {Effect of {PEO} surface density on long-circulating {PLA}-{PEO} nanoparticles which are very low complement activators},
  volume = {17},
  issn = {0142-9612},
  doi = {10.1016/0142-9612(95)00322-3},
  timestamp = {2014-04-23T12:22:42Z},
  journal = {Biomaterials},
  author = {Vittaz, {Micha}{\"e}lla and {Bazile}, {Didier} and {Spenlehauer}, {Gilles} and {Verrecchia}, {Thierry} and {Veillard}, {Michel} and {Puisieux}, {Francis} and {Labarre}, {Denis}},
  year = {1996},
  pages = {1575--1581}
}

@article{silverstein_microstructure_1989,
  title = {Microstructure of polyacrylate/polystyrene two-stage latices},
  volume = {30},
  issn = {0032-3861},
  doi = {10.1016/0032-3861(89)90006-2},
  timestamp = {2014-04-29T07:55:19Z},
  journal = {Polymer},
  author = {Silverstein, {M}. {S} and {Talmon}, {Y} and {Narkis}, {M}},
  year = {1989},
  pages = {416--424}
}

@article{joensson_morphology_1991,
  title = {Morphology of two-phase polystyrene/poly(methyl methacrylate) latex particles prepared under different polymerization conditions},
  volume = {24},
  issn = {0024-9297},
  doi = {10.1021/ma00001a021},
  timestamp = {2014-04-29T07:55:50Z},
  journal = {Macromolecules},
  author = {Joensson, {Jan} {Erik} {L}. and {Hassander}, {Helen} and {Jansson}, {Lars} {H}. and {Toernell}, {Bertil}},
  year = {1991},
  pages = {126--131}
}

@article{ballauff_saxs_2001,
  title = {{SAXS} and {SANS} studies of polymer colloids},
  volume = {6},
  issn = {1359-0294},
  doi = {10.1016/S1359-0294(01)00072-3},
  timestamp = {2014-12-03T15:21:33Z},
  journal = {Curr. {Opin}. {Colloid} {Interface} {Sci}.},
  author = {Ballauff, {M}.},
  year = {2001},
  pages = {132--139}
}

@incollection{stuhrmann_contrast_1982,
  address = {London},
  title = {Contrast variation},
  isbn = {978-0-12-286280-9},
  timestamp = {2014-07-07T13:47:31Z},
  booktitle = {Small {Angle} {X}-ray {Scattering}},
  publisher = {Academic {Press}},
  author = {Stuhrmann, {H}. {B}.},
  editor = {Glatter, {O}. and {Kratky}, {O}.},
  year = {1982},
  pages = {197--213},
  annote = {H. B. Stuhrmann, in Small Angle X-ray Scattering, ed. O. Glatter and O. Kratky, Academic Press, New York, 1982, ch. 6, pp. 197{\textendash}213}
}

@article{stuhrmann_smallangle_2008,
  title = {Small-angle scattering and its interplay with crystallography, contrast variation in {SAXS} and {SANS}},
  volume = {64},
  issn = {0108-7673},
  doi = {10.1107/S0108767307046569},
  timestamp = {2014-07-07T14:31:43Z},
  journal = {Acta {Crystallogr}. {A} {Found}. {Cryst}.},
  author = {Stuhrmann, {Heinrich} {B}.},
  year = {2008},
  pages = {181--191}
}

@article{wernecke_characterization_2014,
  title = {Characterization of an in-vacuum {PILATUS} {1M} detector},
  volume = {21},
  issn = {1600-5775},
  doi = {10.1107/S160057751400294X},
  timestamp = {2015-11-09T12:13:09Z},
  journal = {{J} {Synchrotron} {Radiat}},
  author = {Wernecke, {Jan} and {Gollwitzer}, {Christian} and {M}{\"u}ller, {Peter} and {Krumrey}, {Michael}},
  year = {2014},
  pages = {529--536}
}

@article{dingenouts_interface_1994,
  title = {The interface between immiscible polymers in composite latexes: a small-angle x-ray scattering study employing contrast variation},
  volume = {272},
  issn = {0303-402X, 1435-1536},
  shorttitle = {The interface between immiscible polymers in composite latexes},
  doi = {10.1007/BF00654168},
  timestamp = {2014-07-07T14:20:02Z},
  journal = {Colloid {Polym}. {Sci}.},
  author = {Dingenouts, {N}. and {Kim}, {Y}. {S}. and {Ballauff}, {M}.},
  year = {1994},
  pages = {1380--1387}
}

@article{krumrey_highaccuracy_2001,
  series = {Proceedings of the 7th {Int}. {Conf}. on {Synchrotron} {Radiation} {Instrumentation}},
  title = {High-accuracy detector calibration at the {PTB} four-crystal monochromator beamline},
  volume = {467{\textendash}468},
  issn = {0168-9002},
  doi = {10.1016/S0168-9002(01)00598-8},
  timestamp = {2015-11-09T12:12:22Z},
  journal = {Nucl {Instrum} {Meth} {A}},
  author = {Krumrey, {M}. and {Ulm}, {G}.},
  year = {2001},
  pages = {1175--1178}
}

@article{stuhrmann_contrast_2007,
  title = {Contrast variation in {X}-ray and neutron scattering},
  volume = {40},
  timestamp = {2014-07-07T14:29:57Z},
  journal = {{J}. {Appl}. {Cryst}.},
  author = {Stuhrmann, {H}. {B}.},
  year = {2007},
  pages = {s23--s27}
}

@article{stuhrmann_elimination_1965,
  title = {Elimination der intrapartikul{\"a}ren {Untergrundstreuung} bei der {R}{\"o}ntgenkleinwinkelstreuung an kompakten {Teilchen} ({Proteinen})},
  volume = {46},
  doi = {10.1524/zpch.1965.46.3_4.247},
  timestamp = {2015-11-09T13:25:48Z},
  journal = {{Z} {Phys} {Chem}},
  author = {Stuhrmann, {H}. {B}. and {Kirste}, {R}. {G}.},
  year = {1965},
  pages = {247--250}
}

@article{stuhrmann_elimination_1967,
  title = {Elimination der intrapartikul{\"a}ren {Untergrundstreuung} bei der {R}{\"o}ntgenkleinwinkelstreuung an kompakten {Teilchen}. {II}},
  volume = {56},
  doi = {10.1524/zpch.1967.56.5_6.334},
  timestamp = {2015-11-09T13:25:52Z},
  journal = {{Z} {Phys} {Chem}},
  author = {Stuhrmann, {H}. {B}. and {Kirste}, {R}. {G}.},
  year = {1967},
  pages = {334--337}
}

@article{lefebvre_propagation_2000,
  title = {Propagation of errors for matrix inversion},
  volume = {451},
  issn = {0168-9002},
  doi = {10.1016/S0168-9002(00)00323-5},
  timestamp = {2015-07-01T11:18:47Z},
  journal = {Nuclear {Instruments} and {Methods} in {Physics} {Research} {Section} {A}: {Accelerators}, {Spectrometers}, {Detectors} and {Associated} {Equipment}},
  author = {Lefebvre, {M}. and {Keeler}, {R}. {K}. and {Sobie}, {R}. and {White}, {J}.},
  year = {2000},
  pages = {520--528}
}

@article{euliss_imparting_2006,
  title = {Imparting size, shape, and composition control of materials for nanomedicine},
  volume = {35},
  issn = {0306-0012, 1460-4744},
  doi = {10.1039/b600913c},
  timestamp = {2015-11-09T13:03:51Z},
  journal = {Chem {Soc} {Rev}},
  author = {Euliss, {Larken} {E}. and {DuPont}, {Julie} {A}. and {Gratton}, {Stephanie} and {DeSimone}, {Joseph}},
  year = {2006},
  pages = {1095}
}

@article{doshi_designer_2009,
  title = {Designer {Biomaterials} for {Nanomedicine}},
  volume = {19},
  issn = {1616-3028},
  doi = {10.1002/adfm.200901538},
  timestamp = {2015-11-09T13:05:30Z},
  journal = {Adv {Funct} {Mater}},
  author = {Doshi, {Nishit} and {Mitragotri}, {Samir}},
  year = {2009},
  pages = {3843--3854}
}

@article{yang_shapememory_2005,
  title = {Shape-memory nanoparticles from inherently non-spherical polymer colloids},
  volume = {4},
  issn = {1476-1122},
  doi = {10.1038/nmat1389},
  timestamp = {2015-07-02T10:12:55Z},
  journal = {Nat {Mater}},
  author = {Yang, {Zhongqiang} and {Huck}, {Wilhelm} {T}. {S}. and {Clarke}, {Stuart} {M}. and {Tajbakhsh}, {Ali} {R}. and {Terentjev}, {Eugene} {M}.},
  year = {2005},
  pages = {486--490}
}

@article{powers_research_2006,
  title = {Research {Strategies} for {Safety} {Evaluation} of {Nanomaterials}. {Part} {VI}. {Characterization} of {Nanoscale} {Particles} for {Toxicological} {Evaluation}},
  volume = {90},
  issn = {1096-6080, 1096-0929},
  doi = {10.1093/toxsci/kfj099},
  timestamp = {2015-11-09T13:10:34Z},
  journal = {Toxicol {Sci}},
  author = {Powers, {Kevin} {W}. and {Brown}, {Scott} {C}. and {Krishna}, {Vijay} {B}. and {Wasdo}, {Scott} {C}. and {Moudgil}, {Brij} {M}. and {Roberts}, {Stephen} {M}.},
  year = {2006},
  pages = {296--303},
  pmid = {16407094}
}

@article{tao_shapespecific_2011,
  title = {Shape-specific polymeric nanomedicine: emerging opportunities and challenges},
  volume = {236},
  issn = {1535-3702, 1535-3699},
  shorttitle = {Shape-specific polymeric nanomedicine},
  doi = {10.1258/ebm.2010.010243},
  timestamp = {2015-11-09T12:18:16Z},
  journal = {Exp {Biol} {Med}},
  author = {Tao, {Li} and {Hu}, {Walter} and {Liu}, {Yaling} and {Huang}, {Gang} and {Sumer}, {Baran} {D}. and {Gao}, {Jinming}},
  year = {2011},
  pages = {20--29},
  pmid = {21239732}
}

@article{patel_polymeric_2012,
  title = {Polymeric nanoparticles for drug delivery to the central nervous system},
  volume = {64},
  issn = {0169-409X},
  timestamp = {2015-11-09T12:20:24Z},
  journal = {Adv {Drug} {Deliver} {Rev}},
  author = {Patel, {Toral} and {Zhou}, {Jiangbing} and {Piepmeier}, {Joseph} {M}. and {Saltzman}, {W}. {Mark}},
  year = {2012},
  pages = {701--705}
}

@article{mitragotri_physical_2009,
  title = {Physical approaches to biomaterial design},
  volume = {8},
  issn = {1476-1122},
  doi = {10.1038/nmat2344},
  timestamp = {2015-07-02T10:24:28Z},
  journal = {Nat {Mater}},
  author = {Mitragotri, {Samir} and {Lahann}, {Joerg}},
  year = {2009},
  pages = {15--23},
  pmid = {19096389},
  pmcid = {PMC2793340}
}

@article{vicent_polymer_2006,
  title = {Polymer conjugates: nanosized medicines for treating cancer},
  volume = {24},
  issn = {0167-7799},
  shorttitle = {Polymer conjugates},
  doi = {10.1016/j.tibtech.2005.11.006},
  timestamp = {2015-11-09T12:19:27Z},
  journal = {Trends {Biotechnol}},
  author = {Vicent, {Mar}{\'\i}a {J}. and {Duncan}, {Ruth}},
  year = {2006},
  pages = {39--47},
  pmid = {16307811}
}

@article{guterres_polymeric_2007,
  title = {Polymeric {Nanoparticles}, {Nanospheres} and {Nanocapsules}, for {Cutaneous} {Applications}},
  volume = {2},
  issn = {1177-3928},
  timestamp = {2015-07-02T10:34:17Z},
  journal = {Drug {Target} {Insights}},
  author = {Guterres, {S}{\'\i}lvia {S}. and {Alves}, {Marta} {P}. and {Pohlmann}, {Adriana} {R}.},
  year = {2007},
  pages = {147--157},
  pmid = {21901071},
  pmcid = {PMC3155227}
}

@article{wang_nanoparticle_2012,
  title = {Nanoparticle {Delivery} of {Cancer} {Drugs}},
  volume = {63},
  doi = {10.1146/annurev-med-040210-162544},
  timestamp = {2015-11-09T12:17:17Z},
  journal = {Annu {Rev} {Med}},
  author = {Wang, {Andrew} {Z}. and {Langer}, {Robert} and {Farokhzad}, {Omid} {C}.},
  year = {2012},
  pages = {185--198},
  pmid = {21888516}
}

@article{beija_colloidal_2012,
  title = {Colloidal systems for drug delivery: from design to therapy},
  volume = {30},
  issn = {0167-7799},
  shorttitle = {Colloidal systems for drug delivery},
  doi = {10.1016/j.tibtech.2012.04.008},
  timestamp = {2015-11-09T12:20:43Z},
  journal = {Trends {Biotechnol}},
  author = {Beija, {Mariana} and {Salvayre}, {Robert} and {Lauth}-de {Viguerie}, {Nancy} and {Marty}, {Jean}-{Daniel}},
  year = {2012},
  pages = {485--496}
}

@article{seelenmeyer_analysis_2000,
  title = {Analysis of {Surfactants} {Adsorbed} onto the {Surface} of {Latex} {Particles} by {Small}-{Angle} {X}-ray {Scattering}},
  volume = {16},
  issn = {0743-7463},
  doi = {10.1021/la990998f},
  timestamp = {2015-07-02T11:43:05Z},
  journal = {Langmuir},
  author = {Seelenmeyer, {S}. and {Ballauff}, {M}.},
  year = {2000},
  pages = {4094--4099}
}

@article{bolze_situ_2004,
  title = {In situ {Structural} {Characterization} of {Semi}-{Crystalline} {Polymer} {Latex} {Particles} by {Small}-{Angle} {X}-{Ray} {Scattering}},
  volume = {205},
  issn = {1521-3935},
  doi = {10.1002/macp.200300117},
  timestamp = {2015-11-09T13:14:53Z},
  journal = {Macromol {Chem} {Phys}},
  author = {Bolze, {Joerg} and {Ballauff}, {Matthias} and {Rische}, {Thorsten} and {Rudhardt}, {Daniel} and {Meixner}, {J}{\"u}rgen},
  year = {2004},
  pages = {165--172}
}

@article{ballauff_smallangle_1996,
  title = {Small-angle {X}-ray scattering on latexes},
  volume = {197},
  issn = {1521-3935},
  doi = {10.1002/macp.1996.021971001},
  timestamp = {2015-11-09T13:17:00Z},
  journal = {Macromol {Chem} {Phys}},
  author = {Ballauff, {Matthias} and {Bolze}, {J}{\"o}rg and {Dingenouts}, {Nico} and {Hickl}, {Peter} and {P}{\"o}tschke, {Dominic}},
  year = {1996},
  pages = {3043--3066}
}

@article{beyer_saxs_1990,
  title = {{SAXS} study of core-shell colloids},
  volume = {268},
  issn = {0303-402X, 1435-1536},
  doi = {10.1007/BF01411105},
  timestamp = {2015-11-09T13:11:06Z},
  journal = {Colloid {Polym} {Sci}},
  author = {Beyer, {D}. and {Lebek}, {W}. and {Hergeth}, {W}.-{D}. and {Schmutzler}, {K}.},
  year = {1990},
  pages = {744--748}
}

@article{motzkus_untersuchung_1959,
  title = {Untersuchung kolloider {Systeme} auf {Partikelgr}{\"o}sse und {Polydisperit}{\"a}t mit {Hilfe} der {R}{\"o}ntgenkleinwinkelstreuung},
  volume = {12},
  issn = {0365110X},
  doi = {10.1107/S0365110X59002250},
  timestamp = {2015-11-09T13:11:50Z},
  journal = {Acta {Crystallogr}},
  author = {Motzkus, {F}.},
  year = {1959},
  pages = {773--786}
}

@article{cabral_progress_2014,
  series = {30th {Anniversary} {Special} {Issue}},
  title = {Progress of drug-loaded polymeric micelles into clinical studies},
  volume = {190},
  issn = {0168-3659},
  doi = {10.1016/j.jconrel.2014.06.042},
  timestamp = {2015-11-09T12:21:41Z},
  journal = {{J} {Control} {Release}},
  author = {Cabral, {Horacio} and {Kataoka}, {Kazunori}},
  year = {2014},
  pages = {465--476}
}

@article{leonardjr_size_1952,
  title = {The {Size} of {Latex} {Particles} by {X}-{Ray} {Scattering}},
  volume = {23},
  timestamp = {2015-11-09T13:11:31Z},
  journal = {{J} {Appl} {Phys}},
  author = {Leonard {Jr}, {B}. {R}. and {Anderegg}, {J}. {W}. and {Kaesberg}, {Paul} and {Beeman}, {W}. {W}.},
  year = {1952},
  pages = {152--152}
}

@inproceedings{mykhaylyk_structural_2012,
  title = {Structural {Characterization} of {Colloidal} {Core}-shell {Polymer}-based {Nanoparticles} {Using} {Small}-angle {X}-ray {Scattering}},
  timestamp = {2015-11-06T10:29:16Z},
  booktitle = {Proceedings of the {International} {Conference} {Nanomaterials}: {Applications} and {Properties}},
  publisher = {Sumy {State} {University} {Publishing}},
  author = {Mykhaylyk, {O}. {O}.},
  year = {2012},
  pages = {01PCN04}
}

@article{dingenouts_structure_1994,
  title = {Structure of carboxylated latices as revealed by small-angle {X}-ray scattering},
  volume = {27},
  issn = {0024-9297},
  doi = {10.1021/ma00099a030},
  timestamp = {2015-07-02T12:39:03Z},
  journal = {Macromolecules},
  author = {Dingenouts, {N}. and {Pulina}, {T}. and {Ballauff}, {M}.},
  year = {1994},
  pages = {6133--6136}
}

@article{garcia-diez_nanoparticle_2015,
  title = {Nanoparticle characterization by continuous contrast variation in small-angle {X}-ray scattering with a solvent density gradient},
  volume = {48},
  issn = {1600-5767},
  doi = {10.1107/S1600576714024455},
  timestamp = {2015-11-09T10:44:14Z},
  journal = {{J} {Appl} {Crystallogr}},
  author = {Garcia-{Diez}, {Raul} and {Gollwitzer}, {Christian} and {Krumrey}, {Michael}},
  year = {2015},
  pages = {20--28}
}

@article{ottewill_characterization_1995,
  title = {Characterization of particle morphology by scattering techniques},
  volume = {92},
  issn = {1521-3900},
  doi = {10.1002/masy.19950920110},
  timestamp = {2015-11-09T13:19:36Z},
  journal = {Macromol {Symp}},
  author = {Ottewill, {Ronald} {H}. and {Cole}, {Sarah} {J}. and {Waters}, {Julian} {A}.},
  year = {1995},
  pages = {97--107}
}

@article{grunder_analysis_1991,
  title = {Analysis of {Polymer} {Latices} by {Small}-{Angle} {X}-{Ray} {Scattering}},
  volume = {30},
  timestamp = {2015-11-09T13:17:28Z},
  journal = {Angew {Chem} {Int} {Edit}},
  author = {Grunder, {Ralf} and {Kim}, {Young} {Sam} and {Ballauff}, {Matthias} and {Kranz}, {Dietmar} and {M}{\"u}ller, {Hans}-{Georg}},
  year = {1991},
  pages = {1650--1652}
}

@article{grunder_smallangle_1993,
  title = {Small-angle x-ray analysis of latex particles with core-shell morphology},
  volume = {271},
  timestamp = {2015-11-09T13:18:02Z},
  journal = {Colloid {Polym} {Sci}},
  author = {Grunder, {R}. and {Urban}, {G}. and {Ballauff}, {M}.},
  year = {1993},
  pages = {563--572}
}

@article{bolze_smallangle_1997,
  title = {Small-angle {X}-ray scattering analysis of the radial structure of latex particles swollen by a nonpolar monomer},
  volume = {13},
  timestamp = {2015-07-02T13:20:42Z},
  journal = {Langmuir},
  author = {Bolze, {J}. and {H}{\"o}rner, {K}. {D}. and {Ballauff}, {M}.},
  year = {1997},
  pages = {2960--2964}
}

@article{dingenouts_radial_1994,
  title = {Radial density distribution in core-shell latexes as revealed by small-angle {X}-ray scattering},
  volume = {15},
  issn = {1521-3927},
  doi = {10.1002/marc.1994.030150707},
  timestamp = {2015-11-09T10:57:21Z},
  journal = {Macromol {Rapid} {Comm}},
  author = {Dingenouts, {Nico} and {Kim}, {Young}-{Sam} and {Ballauff}, {Matthias}},
  year = {1994},
  pages = {613--617}
}

@article{giddings_density_1981,
  title = {Density and {Particle} {Size} of {Colloidal} {Materials} {Measured} by {Carrier} {Density} {Variations} in {Sedimentation} of {Field}-{Flow} {Fractionation}},
  volume = {16},
  timestamp = {2015-11-09T10:58:37Z},
  journal = {Separ {Sci} {Technol}},
  author = {Giddings, {J}. {C}. and {Karaiskakis}, {G}. and {Caldwell}, {K}. {D}.},
  year = {1981}
}

@article{yang_colloid_1983,
  title = {Colloid characterization by sedimentation field-flow fractionation: {II}. {Particle}-size distribution},
  volume = {92},
  issn = {0021-9797},
  shorttitle = {Colloid characterization by sedimentation field-flow fractionation},
  doi = {10.1016/0021-9797(83)90118-2},
  timestamp = {2015-11-09T10:48:42Z},
  journal = {{J} {Colloid} {Interf} {Sci}},
  author = {Yang, {Feng}-{Shyang} and {Caldwell}, {Karin} {D} and {Giddings}, {J} {Calvin}},
  year = {1983},
  pages = {81--91}
}

@article{caldwell_measurement_1986,
  title = {Measurement of the size and density of colloidal particles by combining sedimentation field-flow fractionation and quasi-elastic light scattering},
  volume = {18},
  issn = {0166-6622},
  doi = {10.1016/0166-6622(86)80199-8},
  timestamp = {2015-11-09T10:50:21Z},
  journal = {Colloid {Surface}},
  author = {Caldwell, {Karin} {D}. and {Jones}, {Harlan} {K}. and {Giddings}, {J}. {Calvin}},
  year = {1986},
  pages = {123--131}
}

@article{vanderpol_refractive_2014,
  title = {Refractive {Index} {Determination} of {Nanoparticles} in {Suspension} {Using} {Nanoparticle} {Tracking} {Analysis}},
  volume = {14},
  issn = {1530-6984},
  doi = {10.1021/nl503371p},
  timestamp = {2015-07-02T13:56:34Z},
  journal = {Nano {Lett}.},
  author = {{van der Pol}, {Edwin} and {Coumans}, {Frank} {A}. {W}. and {Sturk}, {Auguste} and {Nieuwland}, {Rienk} and {van Leeuwen}, {Ton} {G}.},
  year = {2014},
  pages = {6195--6201}
}

@article{gleber_traceable_2010,
  title = {Traceable size determination of {PMMA} nanoparticles based on {Small} {Angle} {X}-ray {Scattering} ({SAXS})},
  volume = {247},
  issn = {1742-6596},
  doi = {10.1088/1742-6596/247/1/012027},
  timestamp = {2015-11-09T11:03:52Z},
  journal = {{J} {Phys} {Conf} {Ser}},
  author = {Gleber, {G}. and {Cibik}, {L}. and {Haas}, {S}. and {Hoell}, {A}. and {M}{\"u}ller, {P}. and {Krumrey}, {M}.},
  year = {2010},
  pages = {012027}
}

@article{carney_determination_2011,
  title = {Determination of nanoparticle size distribution together with density or molecular weight by {2D} analytical ultracentrifugation},
  volume = {2},
  issn = {2041-1723},
  doi = {10.1038/ncomms1338},
  timestamp = {2015-07-02T14:10:12Z},
  journal = {Nat {Commun}},
  author = {Carney, {Randy} {P}. and {Kim}, {Jin} {Young} and {Qian}, {Huifeng} and {Jin}, {Rongchao} and {Mehenni}, {Hakim} and {Stellacci}, {Francesco} and {Bakr}, {Osman} {M}.},
  year = {2011},
  pages = {335},
  pmid = {21654635},
  pmcid = {PMC3158653}
}

@article{nichols_prediction_1950,
  title = {Prediction of {Shrinkage} in {Addition} {Polymerizations}},
  volume = {42},
  issn = {0019-7866},
  doi = {10.1021/ie50482a024},
  timestamp = {2015-11-09T13:28:07Z},
  journal = {Ind {Eng} {Chem}},
  author = {Nichols, {Frank} {S}. and {Flowers}, {Ralph} {G}.},
  year = {1950},
  pages = {292--295}
}

@article{kawaguchi_xray_1983,
  title = {{X}-ray structural studies of some nonionic detergent micelles},
  volume = {96},
  issn = {0021-9797},
  doi = {10.1016/0021-9797(83)90046-2},
  timestamp = {2015-11-09T13:24:50Z},
  journal = {{J} {Colloid} {Interf} {Sci}},
  author = {Kawaguchi, {Takeshi} and {Hamanaka}, {Toshiaki} and {Mitsui}, {Toshio}},
  year = {1983},
  pages = {437--453}
}

@article{krumrey_synchrotron_2011,
  title = {Synchrotron radiation-based x-ray reflection and scattering techniques for dimensional nanometrology},
  volume = {22},
  issn = {0957-0233},
  doi = {10.1088/0957-0233/22/9/094032},
  timestamp = {2015-11-09T12:13:40Z},
  journal = {Meas {Sci} {Technol}},
  author = {Krumrey, {Michael} and {Gleber}, {Gudrun} and {Scholze}, {Frank} and {Wernecke}, {Jan}},
  year = {2011},
  pages = {094032}
}

@article{fielding_correcting_2012,
  title = {Correcting for a {Density} {Distribution}: {Particle} {Size} {Analysis} of {Core}{\textendash}{Shell} {Nanocomposite} {Particles} {Using} {Disk} {Centrifuge} {Photosedimentometry}},
  volume = {28},
  issn = {0743-7463},
  shorttitle = {Correcting for a {Density} {Distribution}},
  doi = {10.1021/la204841n},
  timestamp = {2015-09-22T07:41:30Z},
  journal = {Langmuir},
  author = {Fielding, {Lee} {A}. and {Mykhaylyk}, {Oleksandr} {O}. and {Armes}, {Steven} {P}. and {Fowler}, {Patrick} {W}. and {Mittal}, {Vikas} and {Fitzpatrick}, {Stephen}},
  year = {2012},
  pages = {2536--2544}
}

@article{kusaka_effect_2014,
  title = {Effect of {Silica} {Particle} {Size} on {Macrophage} {Inflammatory} {Responses}},
  volume = {9},
  doi = {10.1371/journal.pone.0092634},
  timestamp = {2015-11-05T13:45:30Z},
  journal = {{PLoS} {ONE}},
  author = {Kusaka, {Toshimasa} and {Nakayama}, {Masafumi} and {Nakamura}, {Kyohei} and {Ishimiya}, {Mai} and {Furusawa}, {Emi} and {Ogasawara}, {Kouetsu}},
  year = {2014},
  pages = {e92634}
}

@article{kamiti_simultaneous_2012,
  title = {Simultaneous {Absolute} {Determination} of {Particle} {Size} and {Effective} {Density} of {Submicron} {Colloids} by {Disc} {Centrifuge} {Photosedimentometry}},
  volume = {84},
  issn = {0003-2700},
  doi = {10.1021/ac3022086},
  timestamp = {2015-11-09T13:27:28Z},
  journal = {Anal {Chem}},
  author = {Kamiti, {Mungai} and {Boldridge}, {David} and {Ndoping}, {Linda} {M}. and {Remsen}, {Edward} {E}.},
  year = {2012},
  pages = {10526--10530}
}

@article{neumann_new_2013,
  title = {New method for density determination of nanoparticles using a {CPS} disc centrifuge{\texttrademark}},
  volume = {104},
  issn = {0927-7765},
  doi = {10.1016/j.colsurfb.2012.11.014},
  timestamp = {2015-11-09T11:02:21Z},
  journal = {Colloid {Surface} {B}},
  author = {Neumann, {A}. and {Hoyer}, {W}. and {Wolff}, {M}. {W}. and {Reichl}, {U}. and {Pfitzner}, {A}. and {Roth}, {B}.},
  year = {2013},
  pages = {27--31}
}

@article{bell_emerging_2012,
  title = {Emerging {Techniques} for {Submicrometer} {Particle} {Sizing} {Applied} to {St}{\"o}ber {Silica}},
  volume = {28},
  issn = {0743-7463},
  doi = {10.1021/la301351k},
  timestamp = {2015-09-22T07:44:29Z},
  journal = {Langmuir},
  author = {Bell, {Nia} {C}. and {Minelli}, {Caterina} and {Tompkins}, {Jordan} and {Stevens}, {Molly} {M}. and {Shard}, {Alexander} {G}.},
  year = {2012},
  pages = {10860--10872}
}

@article{nicolet_interlaboratory_2015,
  title = {Inter-laboratory comparison on the size and stability of monodisperse and bimodal synthetic reference particles for standardization of extracellular vesicle measurements},
  timestamp = {2015-11-09T10:46:55Z},
  journal = {Meas {Sci} {Technol}},
  author = {Nicolet, {Anais} and {Meli}, {Felix} and {Van} der {Pol}, {Edwin} and {Yuana}, {Yuana} and {Gollwitzer}, {Christian} and {Krumrey}, {Michael} and {Cizmar}, {Petr} and {Buhr}, {Egbert} and {Petry}, {Jasmine} and {Sebaihi}, {Noham} and {de Boeck}, {Bert} and {Fokkema}, {Vincent} and {Bergmans}, {Rob} and {Nieuwland}, {Rienk}},
  year = {2015, under review}
}

@article{fitzpatrick_new_1996,
  title = {{A} new method for size analysis of low density particles using differential centrifugal sedimentation},
  volume = {212},
  issn = {0065-7727},
  timestamp = {2015-11-09T13:20:03Z},
  journal = {Abstr {Pap} {Am} {Chem} {Soc}},
  author = {Fitzpatrick, {S}. {T}.},
  year = {1996},
  pages = {43--PMSE}
}

@inproceedings{fitzpatrick_new_1996-1,
  title = {{A} new method for size analysis of low density particles using differential centrifugal sedimentation},
  volume = {212},
  timestamp = {2015-11-06T10:47:01Z},
  booktitle = {Abstracts of papers of the american chemical society},
  publisher = {Amer {Chem} {Soc} {Washington}},
  author = {Fitzpatrick, {S}. {T}.},
  year = {1996},
  pages = {43--PMSE}
}

@article{mykhaylyk_application_2007-1,
  title = {The application of distance distribution functions to structural analysis of core-shell particles},
  volume = {40},
  timestamp = {2015-12-14T14:11:27Z},
  journal = {{J} {Appl} {Crystallogr}},
  author = {{Mykhaylyk}, O. O. and {Ryan}, A. J. and {Tzokova}, N. and {Williams}, N.},
  year = {2007},
  pages = {s506--s511}
}


