
@misc{fitzpatrick_structure_1998,
  title = {Structure and method for centrifugal sedimentation particle size analysis of particles of lower density than their suspension medium},
  timestamp = {2015-09-22T10:05:03Z},
  author = {Fitzpatrick, {S}.{J}.},
  note = {US Patent 5786898 A},
  year = {1998}
}