
@article{cotton_variations_1996,
  title = {Variations on contrast in {{SANS}}: determination of self and distinct correlation functions},
  volume = {69},
  issn = {0001-8686},
  shorttitle = {Variations on contrast in {{SANS}}},
  doi = {10.1016/S0001-8686(96)00306-5},
  timestamp = {2016-03-02T12:17:25Z},
  journal = {Advances in Colloid and Interface Science},
  author = {Cotton, J. P.},
  year = {1996},
  pages = {1--29}
}

@article{banc_origin_2015,
  title = {Origin of {{Small-Angle Scattering}} from {{Contrast-Matched Nanoparticles}}: {{A Study}} of {{Chain}} and {{Filler Structure}} in {{Polymer Nanocomposites}}},
  volume = {48},
  issn = {0024-9297, 1520-5835},
  shorttitle = {Origin of {{Small-Angle Scattering}} from {{Contrast-Matched Nanoparticles}}},
  doi = {10.1021/acs.macromol.5b01424},
  timestamp = {2016-03-02T12:17:48Z},
  journal = {Macromolecules},
  author = {Banc, Am{\'e}lie and Genix, Anne-Caroline and Dupas, Christelle and Sztucki, Michael and Schweins, Ralf and Appavou, Marie-Sousai and Oberdisse, Julian},
  year = {2015},
  pages = {6596--6605}
}

@article{ballauff_saxs_2001,
  title = {{{SAXS}} and {{SANS}} studies of polymer colloids},
  volume = {6},
  issn = {1359-0294},
  doi = {10.1016/S1359-0294(01)00072-3},
  timestamp = {2016-03-02T12:18:35Z},
  journal = {Current Opinion in Colloid \& Interface Science},
  author = {Ballauff, M.},
  year = {2001},
  pages = {132--139}
}

@article{araki_resonant_2006,
  title = {Resonant soft x-ray scattering from structured polymer nanoparticles},
  volume = {89},
  issn = {0003-6951, 1077-3118},
  doi = {10.1063/1.2356306},
  timestamp = {2016-03-02T12:19:49Z},
  journal = {Applied Physics Letters},
  author = {Araki, Tohru and Ade, Harald and Stubbs, Jeffrey M. and Sundberg, Donald C. and Mitchell, Gary E. and Kortright, Jeffrey B. and Kilcoyne, A. L. D.},
  year = {2006},
  pages = {124106}
}

@article{mitchell_molecular_2005,
  title = {Molecular bond selective x-ray scattering for nanoscale analysis of soft matter},
  timestamp = {2016-03-02T12:20:57Z},
  journal = {Lawrence Berkeley National Laboratory},
  author = {Mitchell, G. E. and Koprinarov, I. and Landes, B. G. and Lyons, J. and Kern, B. J. and Devon, M. J. and Gullikson, E. M. and Kortright, J. B.},
  year = {2005}
}

@article{swaraj_utility_2009,
  title = {The utility of resonant soft x-ray scattering and reflectivity for the nanoscale characterization of polymers},
  volume = {167},
  issn = {1951-6355, 1951-6401},
  doi = {10.1140/epjst/e2009-00946-3},
  timestamp = {2016-03-02T12:23:21Z},
  journal = {The European Physical Journal Special Topics},
  author = {Swaraj, S. and Wang, C. and Araki, T. and Mitchell, G. and Liu, L. and Gaynor, S. and Deshmukh, B. and Yan, H. and McNeill, C. R. and Ade, H.},
  year = {2009},
  pages = {121--126}
}

@article{german_lipoproteins:_2006,
  title = {Lipoproteins: {{When}} size really matters},
  volume = {11},
  issn = {1359-0294},
  shorttitle = {Lipoproteins},
  doi = {10.1016/j.cocis.2005.11.006},
  timestamp = {2016-03-24T08:38:20Z},
  journal = {Curr Opin Colloid Interface Sci},
  author = {German, J. Bruce and Smilowitz, Jennifer T. and Zivkovic, Angela M.},
  year = {2006},
  pages = {171--183},
  pmid = {20592953},
  pmcid = {PMC2893739}
}

@article{colhoun_lipoprotein_2002,
  title = {Lipoprotein subclasses and particle sizes and their relationship with coronary artery calcification in men and women with and without type 1 diabetes},
  volume = {51},
  issn = {0012-1797},
  timestamp = {2016-03-24T08:39:31Z},
  journal = {Diabetes},
  author = {Colhoun, Helen M. and Otvos, James D. and Rubens, Mike B. and Taskinen, M. R. and Underwood, S. Richard and Fuller, John H.},
  year = {2002},
  pages = {1949--1956},
  pmid = {12031985}
}

@article{muller_structure_1978,
  title = {The {{Structure}} of {{Human-Plasma Low-Density Lipoprotein B}}},
  volume = {82},
  issn = {1432-1033},
  doi = {10.1111/j.1432-1033.1978.tb11998.x},
  timestamp = {2016-06-13T08:39:17Z},
  journal = {European Journal of Biochemistry},
  author = {M{\"u}ller, Karl and Laggner, Peter and Glatter, Otto and Kostner, Gerhard},
  year = {1978},
  pages = {73--90}
}

@article{tardieu_structure_1976,
  title = {Structure of human serum lipoproteins in solution},
  volume = {101},
  issn = {0022-2836},
  doi = {10.1016/0022-2836(76)90368-5},
  timestamp = {2016-06-13T09:18:23Z},
  journal = {Journal of Molecular Biology},
  author = {Tardieu, A. and Mateu, L. and Sardet, C. and Weiss, B. and Luzzati, V. and Aggerbeck, L. and Scanu, A. M.},
  year = {1976},
  pages = {129--153}
}

@article{stuhrmann_neutron_1975,
  title = {Neutron scattering study of human serum low density lipoprotein.},
  volume = {72},
  issn = {0027-8424},
  timestamp = {2016-06-13T09:23:57Z},
  journal = {Proc Natl Acad Sci U S A},
  author = {Stuhrmann, H B and Tardieu, A and Mateu, L and Sardet, C and Luzzati, V and Aggerbeck, L and Scanu, A M},
  year = {1975},
  pages = {2270--2273},
  pmid = {166382},
  pmcid = {PMC432739}
}

@article{laggner_molecular_1977,
  title = {Molecular packing and fluidity of lipids in human serum low density lipoproteins},
  volume = {358},
  issn = {0018-4888},
  timestamp = {2016-06-13T09:28:01Z},
  journal = {Hoppe-Seyler's Z. Physiol. Chem.},
  author = {Laggner, P. and Degovics, G. and M{\"u}ller, K. W. and Glatter, O. and Kratky, O. and Kostner, G. and Holasek, A.},
  year = {1977},
  pages = {771--778},
  pmid = {196994}
}

@article{luzzati_structure_1979,
  title = {Structure of serum low-density lipoprotein},
  volume = {131},
  issn = {0022-2836},
  doi = {10.1016/0022-2836(79)90002-0},
  timestamp = {2016-06-13T09:38:19Z},
  journal = {Journal of Molecular Biology},
  author = {Luzzati, Vittorio and Tardieu, Annette and Aggerbeck, Lawrence Paul},
  year = {1979},
  pages = {435--473}
}

@article{gardner_cd_association_1996,
  title = {{{ASsociation}} of small low-density lipoprotein particles with the incidence of coronary artery disease in men and women},
  volume = {276},
  issn = {0098-7484},
  doi = {10.1001/jama.1996.03540110029028},
  timestamp = {2016-06-13T13:10:19Z},
  journal = {JAMA},
  author = {{Gardner CD} and {Fortmann SP} and {Krauss RM}},
  year = {1996},
  pages = {875--881}
}

@article{havel_distribution_1955,
  title = {{{THE DISTRIBUTION AND CHEMICAL COMPOSITION OF ULTRACENTRIFUGALLY SEPARATED LIPOPROTEINS IN HUMAN SERUM}}},
  volume = {34},
  issn = {0021-9738},
  timestamp = {2016-06-14T15:23:05Z},
  journal = {J Clin Invest},
  author = {Havel, Richard J. and Eder, Howard A. and Bragdon, Joseph H.},
  year = {1955},
  pages = {1345--1353},
  pmid = {13252080},
  pmcid = {PMC438705}
}

@article{dreon_low-density_1994,
  title = {Low-density lipoprotein subclass patterns and lipoprotein response to a reduced-fat diet in men.},
  volume = {8},
  issn = {0892-6638, 1530-6860},
  timestamp = {2016-06-14T15:23:39Z},
  journal = {FASEB J},
  author = {Dreon, D. M. and Fernstrom, H. A. and Miller, B. and Krauss, R. M.},
  year = {1994},
  pages = {121--126},
  pmid = {8299884}
}

@article{munro_pathogenesis_1988,
  title = {The pathogenesis of atherosclerosis: atherogenesis and inflammation},
  volume = {58},
  issn = {0023-6837},
  shorttitle = {The pathogenesis of atherosclerosis},
  timestamp = {2016-06-15T08:44:11Z},
  journal = {Lab. Invest.},
  author = {Munro, J. M. and Cotran, R. S.},
  year = {1988},
  pages = {249--261},
  pmid = {3279259}
}

@article{assmann_lipid-protein_1974,
  title = {Lipid-protein interactions in high density lipoproteins},
  volume = {71},
  timestamp = {2016-06-15T08:50:37Z},
  journal = {Proceedings of the National Academy of Sciences},
  author = {Assmann, Gerd and Brewer, H. Bryan},
  year = {1974},
  pages = {989--993}
}

@article{baumstark_structure_1990,
  title = {Structure of human low-density lipoprotein subfractions determined by {{X}}-ray small-angle scattering},
  volume = {1037},
  timestamp = {2016-06-15T11:08:06Z},
  journal = {Biochimica et Biophysica Acta (BBA)-Protein Structure and Molecular Enzymology},
  author = {Baumstark, Manfred W. and Kreutz, Werner and Berg, Aloys and Frey, Ingrid and Keul, Josef},
  year = {1990},
  pages = {48--57}
}

@article{schnitzer_re-evaluation_1994,
  title = {Re-evaluation of the structure of low density lipoproteins},
  volume = {70},
  issn = {0009-3084},
  doi = {10.1016/0009-3084(94)90048-5},
  timestamp = {2016-06-15T11:14:43Z},
  journal = {Chemistry and Physics of Lipids},
  author = {Schnitzer, E. and Lichtenberg, D.},
  year = {1994},
  pages = {63--74}
}

@article{cedervall_understanding_2007,
  title = {Understanding the nanoparticle\textendash{}protein corona using methods to quantify exchange rates and affinities of proteins for nanoparticles},
  volume = {104},
  issn = {0027-8424},
  doi = {10.1073/pnas.0608582104},
  timestamp = {2016-06-16T12:21:49Z},
  journal = {Proc Natl Acad Sci U S A},
  author = {Cedervall, Tommy and Lynch, Iseult and Lindman, Stina and Bergg\aa{}rd, Tord and Thulin, Eva and Nilsson, Hanna and Dawson, Kenneth A. and Linse, Sara},
  year = {2007},
  pages = {2050--2055},
  pmid = {17267609},
  pmcid = {PMC1892985}
}

@article{lundqvist_nanoparticle_2008,
  title = {Nanoparticle size and surface properties determine the protein corona with possible implications for biological impacts},
  volume = {105},
  issn = {0027-8424, 1091-6490},
  doi = {10.1073/pnas.0805135105},
  timestamp = {2016-06-16T12:23:16Z},
  journal = {Proceedings of the National Academy of Sciences},
  author = {Lundqvist, M. and Stigler, J. and Elia, G. and Lynch, I. and Cedervall, T. and Dawson, K. A.},
  year = {2008},
  pages = {14265--14270}
}

@article{monopoli_physicalchemical_2011,
  title = {Physical-{{Chemical Aspects}} of {{Protein Corona}}: {{Relevance}} to in {{Vitro}} and in {{Vivo Biological Impacts}} of {{Nanoparticles}}},
  volume = {133},
  issn = {0002-7863},
  shorttitle = {Physical-{{Chemical Aspects}} of {{Protein Corona}}},
  doi = {10.1021/ja107583h},
  timestamp = {2016-06-16T12:23:44Z},
  journal = {J. Am. Chem. Soc.},
  author = {Monopoli, Marco P. and Walczyk, Dorota and Campbell, Abigail and Elia, Giuliano and Lynch, Iseult and {Baldelli Bombelli}, Francesca and Dawson, Kenneth A.},
  year = {2011},
  pages = {2525--2534}
}

@article{casals_time_2010,
  title = {Time {{Evolution}} of the {{Nanoparticle Protein Corona}}},
  volume = {4},
  issn = {1936-0851},
  doi = {10.1021/nn901372t},
  timestamp = {2016-06-16T12:24:02Z},
  journal = {ACS Nano},
  author = {Casals, Eudald and Pfaller, Tobias and Duschl, Albert and Oostingh, Gertie Janneke and Puntes, Victor},
  year = {2010},
  pages = {3623--3632}
}

@article{tenzer_rapid_2013,
  title = {Rapid formation of plasma protein corona critically affects nanoparticle pathophysiology},
  volume = {8},
  issn = {1748-3387},
  doi = {10.1038/nnano.2013.181},
  timestamp = {2016-06-16T12:24:28Z},
  journal = {Nat Nano},
  author = {Tenzer, Stefan and Docter, Dominic and Kuharev, J{\"o}rg and Musyanovych, Anna and Fetz, Verena and Hecht, Rouven and Schlenk, Florian and Fischer, Dagmar and Kiouptsi, Klytaimnistra and Reinhardt, Christoph and Landfester, Katharina and Schild, Hansj{\"o}rg and Maskos, Michael and Knauer, Shirley K. and Stauber, Roland H.},
  year = {2013},
  pages = {772--781}
}

@article{gessner_functional_2003,
  title = {Functional groups on polystyrene model nanoparticles: {{Influence}} on protein adsorption},
  volume = {65A},
  issn = {1552-4965},
  shorttitle = {Functional groups on polystyrene model nanoparticles},
  doi = {10.1002/jbm.a.10371},
  timestamp = {2016-06-16T12:24:50Z},
  journal = {J. Biomed. Mater. Res.},
  author = {Gessner, Andrea and Lieske, Antje and Paulke, Bernd-R. and M{\"u}ller, Rainer H.},
  year = {2003},
  pages = {319--326}
}

@article{minelli_characterization_2014,
  title = {Characterization of {{IgG}}-protein-coated polymeric nanoparticles using complementary particle sizing techniques},
  volume = {46},
  issn = {1096-9918},
  doi = {10.1002/sia.5381},
  timestamp = {2016-06-16T15:10:12Z},
  journal = {Surf. Interface Anal.},
  author = {Minelli, C. and Garcia-Diez, R. and Sikora, A. E. and Gollwitzer, C. and Krumrey, M. and Shard, A. G.},
  year = {2014},
  pages = {663--667}
}

@article{garcia-diez_nanoparticle_2015,
  title = {Nanoparticle characterization by continuous contrast variation in small-angle {{X}}-ray scattering with a solvent density gradient},
  volume = {48},
  issn = {1600-5767},
  doi = {10.1107/S1600576714024455},
  timestamp = {2016-06-17T07:43:49Z},
  journal = {Journal of Applied Crystallography},
  author = {Garcia-Diez, Raul and Gollwitzer, Christian and Krumrey, Michael},
  year = {2015},
  pages = {20--28}
}

@article{wernecke_characterization_2014-1,
  title = {Characterization of an in-vacuum {{PILATUS 1M}} detector},
  volume = {21},
  issn = {1600-5775},
  doi = {10.1107/S160057751400294X},
  timestamp = {2016-06-17T12:02:21Z},
  journal = {Journal of Synchrotron Radiation},
  author = {Wernecke, Jan and Gollwitzer, Christian and M{\"u}ller, Peter and Krumrey, Michael},
  year = {2014},
  pages = {529--536}
}

@article{krumrey_high-accuracy_2001,
  series = {Proceedings of the 7th Int. Conf. on Synchrotron Radiation Instru mentation},
  title = {High-accuracy detector calibration at the {{PTB}} four-crystal monochromator beamline},
  volume = {467\textendash{}468, Part 2},
  issn = {0168-9002},
  doi = {10.1016/S0168-9002(01)00598-8},
  timestamp = {2016-06-17T12:02:52Z},
  journal = {Nuclear Instruments and Methods in Physics Research Section A: Accelerators, Spectrometers, Detectors and Associated Equipment},
  author = {Krumrey, M. and Ulm, G.},
  year = {2001},
  pages = {1175--1178}
}

@article{terreno_osmotically_2009,
  title = {Osmotically {{Shrunken LIPOCEST Agents}}: {{An Innovative Class}} of {{Magnetic Resonance Imaging Contrast Media Based}} on {{Chemical Exchange Saturation Transfer}}},
  volume = {15},
  issn = {1521-3765},
  shorttitle = {Osmotically {{Shrunken LIPOCEST Agents}}},
  doi = {10.1002/chem.200801766},
  timestamp = {2016-06-20T11:30:20Z},
  journal = {Chem. Eur. J.},
  author = {Terreno, Enzo and Delli\hspace{0.25em}Castelli, Daniela and Violante, Elisabetta and Sanders, Honorius M.\hspace{0.25em}H.\hspace{0.25em}F. and Sommerdijk, Nico A.\hspace{0.25em}J.\hspace{0.25em}M. and Aime, Silvio},
  year = {2009},
  pages = {1440--1448}
}

@article{kenworthy_range_1995,
  title = {Range and magnitude of the steric pressure between bilayers containing phospholipids with covalently attached poly(ethylene glycol).},
  volume = {68},
  issn = {0006-3495},
  timestamp = {2016-06-20T11:31:28Z},
  journal = {Biophys J},
  author = {Kenworthy, A K and Hristova, K and Needham, D and McIntosh, T J},
  year = {1995},
  pages = {1921--1936},
  pmid = {7612834},
  pmcid = {PMC1282095}
}

@article{kinoshita_intermembrane_1998,
  title = {Intermembrane distance in multilamellar vesicles of phosphatidylcholine depends on the interaction free energy between solvents and the hydrophilic segments of the membrane surface},
  volume = {74},
  issn = {0301-4622},
  doi = {10.1016/S0301-4622(98)00191-4},
  timestamp = {2016-06-20T11:32:48Z},
  journal = {Biophysical Chemistry},
  author = {Kinoshita, Kouji and Furuike, Shou and Yamazaki, Masahito},
  year = {1998},
  pages = {237--249}
}

@article{pencer_small-angle_2000,
  title = {Small-angle neutron scattering from large unilamellar vesicles: {{An}} improved method for membrane thickness determination},
  volume = {61},
  shorttitle = {Small-angle neutron scattering from large unilamellar vesicles},
  doi = {10.1103/PhysRevE.61.3003},
  timestamp = {2016-06-20T11:32:48Z},
  journal = {Phys. Rev. E},
  author = {Pencer, J. and Hallett, F. R.},
  year = {2000},
  pages = {3003--3008}
}

@article{kiselev_sucrose_2001,
  series = {Proceedings of the 13th National Synchrotron Radiation Conference},
  title = {A sucrose solutions application to the study of model biological membranes},
  volume = {470},
  issn = {0168-9002},
  doi = {10.1016/S0168-9002(01)01087-7},
  timestamp = {2016-06-20T11:32:48Z},
  journal = {Nuclear Instruments and Methods in Physics Research Section A: Accelerators, Spectrometers, Detectors and Associated Equipment},
  author = {Kiselev, M. A. and Lesieur, P. and Kisselev, A. M. and Lombardo, D. and Killany, M. and Lesieur, S. and Ollivon, M.},
  year = {2001},
  pages = {409--416}
}

@article{kiselev_sucrose_2001-1,
  series = {Proceedings of the 5th International School and Symposium on Synchrotron Radiation in Natural Science},
  title = {Sucrose solutions as prospective medium to study the vesicle structure: {{SAXS}} and {{SANS}} study},
  volume = {328},
  issn = {0925-8388},
  shorttitle = {Sucrose solutions as prospective medium to study the vesicle structure},
  doi = {10.1016/S0925-8388(01)01348-2},
  timestamp = {2016-06-20T11:32:48Z},
  journal = {Journal of Alloys and Compounds},
  author = {Kiselev, M. A and Lesieur, P and Kisselev, A. M and Lombardo, D and Killany, M and Lesieur, S},
  year = {2001},
  pages = {71--76}
}

@article{krumrey_high-accuracy_2001-1,
  series = {Proceedings of the 7th Int. Conf. on Synchrotron Radiation Instru mentation},
  title = {High-accuracy detector calibration at the {{PTB}} four-crystal monochromator beamline},
  volume = {467\textendash{}468, Part 2},
  issn = {0168-9002},
  doi = {10.1016/S0168-9002(01)00598-8},
  timestamp = {2016-06-20T11:32:48Z},
  journal = {Nuclear Instruments and Methods in Physics Research Section A: Accelerators, Spectrometers, Detectors and Associated Equipment},
  author = {Krumrey, M. and Ulm, G.},
  year = {2001},
  pages = {1175--1178}
}

@article{kiselev_does_2003,
  title = {Does sucrose influence the properties of {{DMPC}} vesicles?},
  volume = {123},
  issn = {0009-3084},
  doi = {10.1016/S0009-3084(02)00140-8},
  timestamp = {2016-06-20T11:32:48Z},
  journal = {Chemistry and Physics of Lipids},
  author = {Kiselev, M. A. and Wartewig, S. and Janich, M. and Lesieur, P. and Kiselev, A. M. and Ollivon, M. and Neubert, R.},
  year = {2003},
  pages = {31--44}
}

@article{fernandez_influence_2008,
  title = {Influence of salt on the structure of {{DMPG}} studied by {{SAXS}} and optical microscopy},
  volume = {1778},
  issn = {00052736},
  doi = {10.1016/j.bbamem.2007.12.005},
  timestamp = {2016-06-20T11:32:48Z},
  journal = {Biochimica et Biophysica Acta (BBA) - Biomembranes},
  author = {Fernandez, Roberto M. and Riske, Karin A. and Amaral, Lia Q. and Itri, Rosangela and Lamy, M. Teresa},
  year = {2008},
  pages = {907--916}
}

@article{sakuragi_transformation_2011,
  title = {Transformation from {{Multilamellar}} to {{Unilamellar Vesicles}} by {{Addition}} of a {{Cationic Lipid}} to {{PEGylated Liposomes Explored}} with {{Synchrotron Small Angle X}}-ray {{Scattering}}},
  volume = {272},
  issn = {1742-6596},
  doi = {10.1088/1742-6596/272/1/012011},
  timestamp = {2016-06-20T11:32:48Z},
  journal = {Journal of Physics: Conference Series},
  author = {Sakuragi, Mina and Koiwai, Kazunori and Nakamura, Kouji and Masunaga, Hiroyasu and Ogawa, Hiroki and Sakurai, Kazuo},
  year = {2011},
  pages = {012011}
}

@article{varga_osmotic_2014,
  title = {Osmotic shrinkage of sterically stabilized liposomes as revealed by time-resolved small-angle {{X}}-ray scattering},
  volume = {47},
  issn = {1600-5767},
  doi = {10.1107/S1600576713030513},
  timestamp = {2016-06-20T11:44:38Z},
  journal = {Journal of Applied Crystallography},
  author = {Varga, Zolt{\'a}n and Wacha, Andr{\'a}s and B{\'o}ta, Attila},
  year = {2014},
  pages = {35--40}
}

@article{harris_effect_2003,
  title = {Effect of pegylation on pharmaceuticals},
  volume = {2},
  issn = {1474-1776, 1474-1784},
  doi = {10.1038/nrd1033},
  timestamp = {2016-06-20T12:51:42Z},
  journal = {Nature Reviews Drug Discovery},
  author = {Harris, J. Milton and Chess, Robert B.},
  year = {2003},
  pages = {214--221}
}

@article{gabizon_polyethylene_1997,
  title = {Polyethylene glycol-coated (pegylated) liposomal doxorubicin. {{Rationale}} for use in solid tumours},
  volume = {54 Suppl 4},
  issn = {0012-6667},
  timestamp = {2016-06-20T12:56:52Z},
  journal = {Drugs},
  author = {Gabizon, A. and Martin, F.},
  year = {1997},
  pages = {15--21},
  pmid = {9361957}
}

@article{yamaoka_distribution_1994,
  title = {Distribution and tissue uptake of poly(ethylene glycol) with different molecular weights after intravenous administration to mice},
  volume = {83},
  issn = {0022-3549},
  timestamp = {2016-06-20T12:57:39Z},
  journal = {Journal of pharmaceutical sciences},
  author = {Yamaoka, T. and Tabata, Y. and Ikada, Y.},
  year = {1994},
  pages = {601--606}
}

@article{lee_coarse-grained_2011,
  title = {Coarse-{{Grained Model}} for {{PEGylated Lipids}}: {{Effect}} of {{PEGylation}} on the {{Size}} and {{Shape}} of {{Self-Assembled Structures}}},
  volume = {115},
  issn = {1520-6106},
  shorttitle = {Coarse-{{Grained Model}} for {{PEGylated Lipids}}},
  doi = {10.1021/jp2020148},
  timestamp = {2016-06-20T13:07:22Z},
  journal = {J. Phys. Chem. B},
  author = {Lee, Hwankyu and Pastor, Richard W.},
  year = {2011},
  pages = {7830--7837}
}

@article{wolfram_shrinkage_2014,
  title = {Shrinkage of pegylated and non-pegylated liposomes in serum},
  volume = {114},
  issn = {0927-7765},
  doi = {10.1016/j.colsurfb.2013.10.009},
  timestamp = {2016-06-20T13:16:32Z},
  journal = {Colloids and Surfaces B: Biointerfaces},
  author = {Wolfram, Joy and Suri, Krishna and Yang, Yong and Shen, Jianliang and Celia, Christian and Fresta, Massimo and Zhao, Yuliang and Shen, Haifa and Ferrari, Mauro},
  year = {2014},
  pages = {294--300}
}

@article{deme_giant_2002,
  title = {Giant {{Collective Fluctuations}} of {{Charged Membranes}} at the {{Lamellar}}-to-{{Vesicle Unbinding Transition}}. 1. {{Characterization}} of a {{New Lipid Morphology}} by {{SANS}}, {{SAXS}}, and {{Electron Microscopy}}},
  volume = {18},
  issn = {0743-7463},
  doi = {10.1021/la010723b},
  timestamp = {2016-06-20T13:28:13Z},
  journal = {Langmuir},
  author = {Dem{\'e}, Bruno and Dubois, Monique and Gulik-Krzywicki, Thadd{\'e}e and Zemb, Thomas},
  year = {2002},
  pages = {997--1004}
}

@article{ruozi_afm_2009,
  title = {{{AFM}} phase imaging of soft-hydrated samples: {{A}} versatile tool to complete the chemical-physical study of liposomes},
  volume = {19},
  issn = {0898-2104},
  shorttitle = {{{AFM}} phase imaging of soft-hydrated samples},
  doi = {10.1080/08982100802584071},
  timestamp = {2016-06-20T14:40:16Z},
  journal = {Journal of Liposome Research},
  author = {Ruozi, Barbara and Tosi, Giovanni and Tonelli, Massimo and Bondioli, Lucia and Mucci, Adele and Forni, Flavio and Vandelli, Maria Angela},
  year = {2009},
  pages = {59--67}
}

@article{spyratou_atomic_2009,
  title = {Atomic force microscopy: a tool to study the structure, dynamics and stability of liposomal drug delivery systems},
  volume = {6},
  issn = {1742-5247, 1744-7593},
  shorttitle = {Atomic force microscopy},
  doi = {10.1517/17425240902828312},
  timestamp = {2016-06-20T14:47:36Z},
  journal = {Expert Opinion on Drug Delivery},
  author = {Spyratou, Ellas and Mourelatou, Elena A and Makropoulou, Mersini and Demetzos, Costas},
  year = {2009},
  pages = {305--317}
}

@article{sou_polyethylene_2000,
  title = {Poly(ethylene glycol)-{{Modification}} of the {{Phospholipid Vesicles}} by {{Using}} the {{Spontaneous Incorporation}} of {{Poly}}(ethylene glycol)-{{Lipid}} into the {{Vesicles}}},
  volume = {11},
  issn = {1043-1802},
  doi = {10.1021/bc990135y},
  timestamp = {2016-06-20T14:56:15Z},
  journal = {Bioconjugate Chem.},
  author = {Sou, Keitaro and Endo, Taro and Takeoka, Shinji and Tsuchida, Eishun},
  year = {2000},
  pages = {372--379}
}

@article{liang_effect_2005,
  title = {Effect of chain lengths of {{PEO\textendash{}PPO\textendash{}PEO}} on small unilamellar liposome morphology and stability: an {{AFM}} investigation},
  volume = {285},
  issn = {0021-9797},
  shorttitle = {Effect of chain lengths of {{PEO\textendash{}PPO\textendash{}PEO}} on small unilamellar liposome morphology and stability},
  doi = {10.1016/j.jcis.2004.11.042},
  timestamp = {2016-06-20T14:59:05Z},
  journal = {Journal of Colloid and Interface Science},
  author = {Liang, Xuemei and Mao, Guangzhao and Ng, K. Y. Simon},
  year = {2005},
  pages = {360--372}
}

@article{barenholz_liposome_2001,
  title = {Liposome application: problems and prospects},
  volume = {6},
  issn = {1359-0294},
  shorttitle = {Liposome application},
  doi = {10.1016/S1359-0294(00)00090-X},
  timestamp = {2016-06-20T15:06:15Z},
  journal = {Current Opinion in Colloid \& Interface Science},
  author = {Barenholz, Yechezkel},
  year = {2001},
  pages = {66--77}
}

@article{varga_characterization_2012,
  series = {Liposomes, lipid biophysics, and sphingolipid research: from basic to translation research.},
  title = {Characterization of the {{PEG}} layer of sterically stabilized liposomes: a {{SAXS}} study},
  volume = {165},
  issn = {0009-3084},
  shorttitle = {Characterization of the {{PEG}} layer of sterically stabilized liposomes},
  doi = {10.1016/j.chemphyslip.2011.12.011},
  timestamp = {2016-06-21T14:07:24Z},
  journal = {Chemistry and Physics of Lipids},
  author = {Varga, Z. and Wacha, A. and Vainio, U. and Gummel, J. and B{\'o}ta, A.},
  year = {2012},
  pages = {387--392}
}

@article{kawaguchi_application_2004,
  title = {Application of isoscattering points to the analysis of globular solute structures},
  volume = {10},
  issn = {0889-311X},
  doi = {10.1080/0889311042000261816},
  timestamp = {2016-06-23T13:02:13Z},
  journal = {Crystallography Reviews},
  author = {Kawaguchi, Takeshi},
  year = {2004},
  pages = {233--246}
}

@article{kuhl_modulation_1994,
  title = {Modulation of interaction forces between bilayers exposing short-chained ethylene oxide headgroups.},
  volume = {66},
  issn = {0006-3495},
  timestamp = {2016-06-29T14:17:22Z},
  journal = {Biophys J},
  author = {Kuhl, T L and Leckband, D E and Lasic, D D and Israelachvili, J N},
  year = {1994},
  pages = {1479--1488},
  annote = {REREAD!!!!
~
~
NOT USED YET=====!!!!!!
~
~},
  pmid = {8061197},
  pmcid = {PMC1275868}
}

@article{atlas_collaboration_combined_2015,
  title = {Combined {{Measurement}} of the {{Higgs Boson Mass}} in \$pp\$ {{Collisions}} at \$\ensuremath{\backslash}sqrt\{s\}=7\$ and 8 {{TeV}} with the {{ATLAS}} and {{CMS Experiments}}},
  volume = {114},
  doi = {10.1103/PhysRevLett.114.191803},
  timestamp = {2016-07-04T14:34:54Z},
  journal = {Phys. Rev. Lett.},
  author = {{ATLAS Collaboration} and {CMS Collaboration} and Aad, G. and Abbott, B. and Abdallah, J. and Abdinov, O. and Aben, R. and Abolins, M. and AbouZeid, O.\,S. and Abramowicz, H. and Abreu, H. and Abreu, R. and Abulaiti, Y. and Acharya, B.\,S. and Adamczyk, L. and Adams, D.\,L. and Adelman, J. and Adomeit, S. and Adye, T. and Affolder, A.\,A. and Agatonovic-Jovin, T. and Aguilar-Saavedra, J.\,A. and Ahlen, S.\,P. and Ahmadov, F. and Aielli, G. and Akerstedt, H. and \AA{}kesson, T.\,P.\,A. and Akimoto, G. and Akimov, A.\,V. and Alberghi, G.\,L. and Albert, J. and Albrand, S. and {Alconada Verzini}, M.\,J. and Aleksa, M. and Aleksandrov, I.\,N. and Alexa, C. and Alexander, G. and Alexopoulos, T. and Alhroob, M. and Alimonti, G. and Alio, L. and Alison, J. and Alkire, S.\,P. and Allbrooke, B.\,M.\,M. and Allport, P.\,P. and Aloisio, A. and Alonso, A. and Alonso, F. and Alpigiani, C. and Altheimer, A. and {Alvarez Gonzalez}, B. and {{\'A}lvarez Piqueras}, D. and Alviggi, M.\,G. and Amadio, B.\,T. and Amako, K. and {Amaral Coutinho}, Y. and Amelung, C. and Amidei, D. and {Amor Dos Santos}, S.\,P. and Amorim, A. and Amoroso, S. and Amram, N. and Amundsen, G. and Anastopoulos, C. and Ancu, L.\,S. and Andari, N. and Andeen, T. and Anders, C.\,F. and Anders, G. and Anders, J.\,K. and Anderson, K.\,J. and Andreazza, A. and Andrei, V. and Angelidakis, S. and Angelozzi, I. and Anger, P. and Angerami, A. and Anghinolfi, F. and Anisenkov, A.\,V. and Anjos, N. and Annovi, A. and Antonelli, M. and Antonov, A. and Antos, J. and Anulli, F. and Aoki, M. and {Aperio Bella}, L. and Arabidze, G. and Arai, Y. and Araque, J.\,P. and Arce, A.\,T.\,H. and Arduh, F.\,A. and Arguin, J-F. and Argyropoulos, S. and Arik, M. and Armbruster, A.\,J. and Arnaez, O. and Arnal, V. and Arnold, H. and Arratia, M. and Arslan, O. and Artamonov, A. and Artoni, G. and Asai, S. and Asbah, N. and Ashkenazi, A. and \AA{}sman, B. and Asquith, L. and Assamagan, K. and Astalos, R. and Atkinson, M. and Atlay, N.\,B. and Auerbach, B. and Augsten, K. and Aurousseau, M. and Avolio, G. and Axen, B. and Ayoub, M.\,K. and Azuelos, G. and Baak, M.\,A. and Baas, A.\,E. and Bacci, C. and Bachacou, H. and Bachas, K. and Backes, M. and Backhaus, M. and Badescu, E. and Bagiacchi, P. and Bagnaia, P. and Bai, Y. and Bain, T. and Baines, J.\,T. and Baker, O.\,K. and Balek, P. and Balestri, T. and Balli, F. and Banas, E. and Banerjee, Sw. and Bannoura, A.\,A.\,E. and Bansil, H.\,S. and Barak, L. and Baranov, S.\,P. and Barberio, E.\,L. and Barberis, D. and Barbero, M. and Barillari, T. and Barisonzi, M. and Barklow, T. and Barlow, N. and Barnes, S.\,L. and Barnett, B.\,M. and Barnett, R.\,M. and Barnovska, Z. and Baroncelli, A. and Barone, G. and Barr, A.\,J. and Barreiro, F. and {Barreiro Guimar{\~a}es da Costa}, J. and Bartoldus, R. and Barton, A.\,E. and Bartos, P. and Bassalat, A. and Basye, A. and Bates, R.\,L. and Batista, S.\,J. and Batley, J.\,R. and Battaglia, M. and Bauce, M. and Bauer, F. and Bawa, H.\,S. and Beacham, J.\,B. and Beattie, M.\,D. and Beau, T. and Beauchemin, P.\,H. and Beccherle, R. and Bechtle, P. and Beck, H.\,P. and Becker, K. and Becker, M. and Becker, S. and Beckingham, M. and Becot, C. and Beddall, A.\,J. and Beddall, A. and Bednyakov, V.\,A. and Bee, C.\,P. and Beemster, L.\,J. and Beermann, T.\,A. and Begel, M. and Behr, J.\,K. and Belanger-Champagne, C. and Bell, W.\,H. and Bella, G. and Bellagamba, L. and Bellerive, A. and Bellomo, M. and Belotskiy, K. and Beltramello, O. and Benary, O. and Benchekroun, D. and Bender, M. and Bendtz, K. and Benekos, N. and Benhammou, Y. and {Benhar Noccioli}, E. and {Benitez Garcia}, J.\,A. and Benjamin, D.\,P. and Bensinger, J.\,R. and Bentvelsen, S. and Beresford, L. and Beretta, M. and Berge, D. and {Bergeaas Kuutmann}, E. and Berger, N. and Berghaus, F. and Beringer, J. and Bernard, C. and Bernard, N.\,R. and Bernius, C. and Bernlochner, F.\,U. and Berry, T. and Berta, P. and Bertella, C. and Bertoli, G. and Bertolucci, F. and Bertsche, C. and Bertsche, D. and Besana, M.\,I. and Besjes, G.\,J. and {Bessidskaia Bylund}, O. and Bessner, M. and Besson, N. and Betancourt, C. and Bethke, S. and Bevan, A.\,J. and Bhimji, W. and Bianchi, R.\,M. and Bianchini, L. and Bianco, M. and Biebel, O. and Bieniek, S.\,P. and Biglietti, M. and {Bilbao De Mendizabal}, J. and Bilokon, H. and Bindi, M. and Binet, S. and Bingul, A. and Bini, C. and Black, C.\,W. and Black, J.\,E. and Black, K.\,M. and Blackburn, D. and Blair, R.\,E. and Blanchard, J.-B. and Blanco, J.\,E. and Blazek, T. and Bloch, I. and Blocker, C. and Blum, W. and Blumenschein, U. and Bobbink, G.\,J. and Bobrovnikov, V.\,S. and Bocchetta, S.\,S. and Bocci, A. and Bock, C. and Boehler, M. and Bogaerts, J.\,A. and Bogdanchikov, A.\,G. and Bohm, C. and Boisvert, V. and Bold, T. and Boldea, V. and Boldyrev, A.\,S. and Bomben, M. and Bona, M. and Boonekamp, M. and Borisov, A. and Borissov, G. and Borroni, S. and Bortfeldt, J. and Bortolotto, V. and Bos, K. and Boscherini, D. and Bosman, M. and Boudreau, J. and Bouffard, J. and Bouhova-Thacker, E.\,V. and Boumediene, D. and Bourdarios, C. and Bousson, N. and Boveia, A. and Boyd, J. and Boyko, I.\,R. and Bozic, I. and Bracinik, J. and Brandt, A. and Brandt, G. and Brandt, O. and Bratzler, U. and Brau, B. and Brau, J.\,E. and Braun, H.\,M. and Brazzale, S.\,F. and Brendlinger, K. and Brennan, A.\,J. and Brenner, L. and Brenner, R. and Bressler, S. and Bristow, K. and Bristow, T.\,M. and Britton, D. and Britzger, D. and Brochu, F.\,M. and Brock, I. and Brock, R. and Bronner, J. and Brooijmans, G. and Brooks, T. and Brooks, W.\,K. and Brosamer, J. and Brost, E. and Brown, J. and {Bruckman de Renstrom}, P.\,A. and Bruncko, D. and Bruneliere, R. and Bruni, A. and Bruni, G. and Bruschi, M. and Bryngemark, L. and Buanes, T. and Buat, Q. and Buchholz, P. and Buckley, A.\,G. and Buda, S.\,I. and Budagov, I.\,A. and Buehrer, F. and Bugge, L. and Bugge, M.\,K. and Bulekov, O. and Bullock, D. and Burckhart, H. and Burdin, S. and Burghgrave, B. and Burke, S. and Burmeister, I. and Busato, E. and B{\"u}scher, D. and B{\"u}scher, V. and Bussey, P. and Buszello, C.\,P. and Butler, J.\,M. and Butt, A.\,I. and Buttar, C.\,M. and Butterworth, J.\,M. and Butti, P. and Buttinger, W. and Buzatu, A. and Buzykaev, R. and {Cabrera Urb{\'a}n}, S. and Caforio, D. and Cairo, V.\,M. and Cakir, O. and Calafiura, P. and Calandri, A. and Calderini, G. and Calfayan, P. and Caloba, L.\,P. and Calvet, D. and Calvet, S. and {Camacho Toro}, R. and Camarda, S. and Camarri, P. and Cameron, D. and Caminada, L.\,M. and {Caminal Armadans}, R. and Campana, S. and Campanelli, M. and Campoverde, A. and Canale, V. and Canepa, A. and {Cano Bret}, M. and Cantero, J. and Cantrill, R. and Cao, T. and {Capeans Garrido}, M.\,D.\,M. and Caprini, I. and Caprini, M. and Capua, M. and Caputo, R. and Cardarelli, R. and Carli, T. and Carlino, G. and Carminati, L. and Caron, S. and Carquin, E. and Carrillo-Montoya, G.\,D. and Carter, J.\,R. and Carvalho, J. and Casadei, D. and Casado, M.\,P. and Casolino, M. and Castaneda-Miranda, E. and Castelli, A. and {Castillo Gimenez}, V. and Castro, N.\,F. and Catastini, P. and Catinaccio, A. and Catmore, J.\,R. and Cattai, A. and Caudron, J. and Cavaliere, V. and Cavalli, D. and Cavalli-Sforza, M. and Cavasinni, V. and Ceradini, F. and Cerio, B.\,C. and Cerny, K. and Cerqueira, A.\,S. and Cerri, A. and Cerrito, L. and Cerutti, F. and Cerv, M. and Cervelli, A. and Cetin, S.\,A. and Chafaq, A. and Chakraborty, D. and Chalupkova, I. and Chang, P. and Chapleau, B. and Chapman, J.\,D. and Charlton, D.\,G. and Chau, C.\,C. and {Chavez Barajas}, C.\,A. and Cheatham, S. and Chegwidden, A. and Chekanov, S. and Chekulaev, S.\,V. and Chelkov, G.\,A. and Chelstowska, M.\,A. and Chen, C. and Chen, H. and Chen, K. and Chen, L. and Chen, S. and Chen, X. and Chen, Y. and Cheng, H.\,C. and Cheng, Y. and Cheplakov, A. and Cheremushkina, E. and {Cherkaoui El Moursli}, R. and Chernyatin, V. and Cheu, E. and Chevalier, L. and Chiarella, V. and Childers, J.\,T. and Chiodini, G. and Chisholm, A.\,S. and Chislett, R.\,T. and Chitan, A. and Chizhov, M.\,V. and Choi, K. and Chouridou, S. and Chow, B.\,K.\,B. and Christodoulou, V. and Chromek-Burckhart, D. and Chu, M.\,L. and Chudoba, J. and Chuinard, A.\,J. and Chwastowski, J.\,J. and Chytka, L. and Ciapetti, G. and Ciftci, A.\,K. and Cinca, D. and Cindro, V. and Cioara, I.\,A. and Ciocio, A. and Citron, Z.\,H. and Ciubancan, M. and Clark, A. and Clark, B.\,L. and Clark, P.\,J. and Clarke, R.\,N. and Cleland, W. and Clement, C. and Coadou, Y. and Cobal, M. and Coccaro, A. and Cochran, J. and Coffey, L. and Cogan, J.\,G. and Cole, B. and Cole, S. and Colijn, A.\,P. and Collot, J. and Colombo, T. and Compostella, G. and {Conde Mui{\~n}o}, P. and Coniavitis, E. and Connell, S.\,H. and Connelly, I.\,A. and Consonni, S.\,M. and Consorti, V. and Constantinescu, S. and Conta, C. and Conti, G. and Conventi, F. and Cooke, M. and Cooper, B.\,D. and Cooper-Sarkar, A.\,M. and Cornelissen, T. and Corradi, M. and Corriveau, F. and Corso-Radu, A. and Cortes-Gonzalez, A. and Cortiana, G. and Costa, G. and Costa, M.\,J. and Costanzo, D. and C{\^o}t{\'e}, D. and Cottin, G. and Cowan, G. and Cox, B.\,E. and Cranmer, K. and Cree, G. and Cr{\'e}p{\'e}-Renaudin, S. and Crescioli, F. and Cribbs, W.\,A. and {Crispin Ortuzar}, M. and Cristinziani, M. and Croft, V. and Crosetti, G. and {Cuhadar Donszelmann}, T. and Cummings, J. and Curatolo, M. and Cuthbert, C. and Czirr, H. and Czodrowski, P. and D'Auria, S. and D'Onofrio, M. and {Da Cunha Sargedas De Sousa}, M.\,J. and {Da Via}, C. and Dabrowski, W. and Dafinca, A. and Dai, T. and Dale, O. and Dallaire, F. and Dallapiccola, C. and Dam, M. and Dandoy, J.\,R. and Dang, N.\,P. and Daniells, A.\,C. and Danninger, M. and {Dano Hoffmann}, M. and Dao, V. and Darbo, G. and Darmora, S. and Dassoulas, J. and Dattagupta, A. and Davey, W. and David, C. and Davidek, T. and Davies, E. and Davies, M. and Davison, P. and Davygora, Y. and Dawe, E. and Dawson, I. and Daya-Ishmukhametova, R.\,K. and De, K. and {de Asmundis}, R. and {De Castro}, S. and {De Cecco}, S. and {De Groot}, N. and {de Jong}, P. and {De la Torre}, H. and {De Lorenzi}, F. and {De Nooij}, L. and {De Pedis}, D. and {De Salvo}, A. and {De Sanctis}, U. and {De Santo}, A. and {De Vivie De Regie}, J.\,B. and Dearnaley, W.\,J. and Debbe, R. and Debenedetti, C. and Dedovich, D.\,V. and Deigaard, I. and {Del Peso}, J. and {Del Prete}, T. and Delgove, D. and Deliot, F. and Delitzsch, C.\,M. and Deliyergiyev, M. and Dell'Acqua, A. and Dell'Asta, L. and Dell'Orso, M. and {Della Pietra}, M. and {della Volpe}, D. and Delmastro, M. and Delsart, P.\,A. and Deluca, C. and DeMarco, D.\,A. and Demers, S. and Demichev, M. and Demilly, A. and Denisov, S.\,P. and Derendarz, D. and Derkaoui, J.\,E. and Derue, F. and Dervan, P. and Desch, K. and Deterre, C. and Deviveiros, P.\,O. and Dewhurst, A. and Dhaliwal, S. and {Di Ciaccio}, A. and {Di Ciaccio}, L. and {Di Domenico}, A. and {Di Donato}, C. and {Di Girolamo}, A. and {Di Girolamo}, B. and {Di Mattia}, A. and {Di Micco}, B. and {Di Nardo}, R. and {Di Simone}, A. and {Di Sipio}, R. and {Di Valentino}, D. and Diaconu, C. and Diamond, M. and Dias, F.\,A. and Diaz, M.\,A. and Diehl, E.\,B. and Dietrich, J. and Diglio, S. and Dimitrievska, A. and Dingfelder, J. and Dita, P. and Dita, S. and Dittus, F. and Djama, F. and Djobava, T. and Djuvsland, J.\,I. and {do Vale}, M.\,A.\,B. and Dobos, D. and Dobre, M. and Doglioni, C. and Dohmae, T. and Dolejsi, J. and Dolezal, Z. and Dolgoshein, B.\,A. and Donadelli, M. and Donati, S. and Dondero, P. and Donini, J. and Dopke, J. and Doria, A. and Dova, M.\,T. and Doyle, A.\,T. and Drechsler, E. and Dris, M. and Dubreuil, E. and Duchovni, E. and Duckeck, G. and Ducu, O.\,A. and Duda, D. and Dudarev, A. and Duflot, L. and Duguid, L. and D{\"u}hrssen, M. and Dunford, M. and {Duran Yildiz}, H. and D{\"u}ren, M. and Durglishvili, A. and Duschinger, D. and Dyndal, M. and Eckardt, C. and Ecker, K.\,M. and Edgar, R.\,C. and Edson, W. and Edwards, N.\,C. and Ehrenfeld, W. and Eifert, T. and Eigen, G. and Einsweiler, K. and Ekelof, T. and {El Kacimi}, M. and Ellert, M. and Elles, S. and Ellinghaus, F. and Elliot, A.\,A. and Ellis, N. and Elmsheuser, J. and Elsing, M. and Emeliyanov, D. and Enari, Y. and Endner, O.\,C. and Endo, M. and Engelmann, R. and Erdmann, J. and Ereditato, A. and Ernis, G. and Ernst, J. and Ernst, M. and Errede, S. and Ertel, E. and Escalier, M. and Esch, H. and Escobar, C. and Esposito, B. and Etienvre, A.\,I. and Etzion, E. and Evans, H. and Ezhilov, A. and Fabbri, L. and Facini, G. and Fakhrutdinov, R.\,M. and Falciano, S. and Falla, R.\,J. and Faltova, J. and Fang, Y. and Fanti, M. and Farbin, A. and Farilla, A. and Farooque, T. and Farrell, S. and Farrington, S.\,M. and Farthouat, P. and Fassi, F. and Fassnacht, P. and Fassouliotis, D. and {Faucci Giannelli}, M. and Favareto, A. and Fayard, L. and Federic, P. and Fedin, O.\,L. and Fedorko, W. and Feigl, S. and Feligioni, L. and Feng, C. and Feng, E.\,J. and Feng, H. and Fenyuk, A.\,B. and {Fernandez Martinez}, P. and {Fernandez Perez}, S. and Ferrag, S. and Ferrando, J. and Ferrari, A. and Ferrari, P. and Ferrari, R. and {Ferreira de Lima}, D.\,E. and Ferrer, A. and Ferrere, D. and Ferretti, C. and {Ferretto Parodi}, A. and Fiascaris, M. and Fiedler, F. and Filip{\v c}i{\v c}, A. and Filipuzzi, M. and Filthaut, F. and Fincke-Keeler, M. and Finelli, K.\,D. and Fiolhais, M.\,C.\,N. and Fiorini, L. and Firan, A. and Fischer, A. and Fischer, C. and Fischer, J. and Fisher, W.\,C. and Fitzgerald, E.\,A. and Flechl, M. and Fleck, I. and Fleischmann, P. and Fleischmann, S. and Fletcher, G.\,T. and Fletcher, G. and Flick, T. and Floderus, A. and {Flores Castillo}, L.\,R. and Flowerdew, M.\,J. and Formica, A. and Forti, A. and Fournier, D. and Fox, H. and Fracchia, S. and Francavilla, P. and Franchini, M. and Francis, D. and Franconi, L. and Franklin, M. and Fraternali, M. and Freeborn, D. and French, S.\,T. and Friedrich, F. and Froidevaux, D. and Frost, J.\,A. and Fukunaga, C. and {Fullana Torregrosa}, E. and Fulsom, B.\,G. and Fuster, J. and Gabaldon, C. and Gabizon, O. and Gabrielli, A. and Gabrielli, A. and Gadatsch, S. and Gadomski, S. and Gagliardi, G. and Gagnon, P. and Galea, C. and Galhardo, B. and Gallas, E.\,J. and Gallop, B.\,J. and Gallus, P. and Galster, G. and Gan, K.\,K. and Gao, J. and Gao, Y. and Gao, Y.\,S. and {Garay Walls}, F.\,M. and Garberson, F. and Garc{\'\i}a, C. and {Garc{\'\i}a Navarro}, J.\,E. and Garcia-Sciveres, M. and Gardner, R.\,W. and Garelli, N. and Garonne, V. and Gatti, C. and Gaudiello, A. and Gaudio, G. and Gaur, B. and Gauthier, L. and Gauzzi, P. and Gavrilenko, I.\,L. and Gay, C. and Gaycken, G. and Gazis, E.\,N. and Ge, P. and Gecse, Z. and Gee, C.\,N.\,P. and Geerts, D.\,A.\,A. and Geich-Gimbel, Ch. and Geisler, M.\,P. and Gemme, C. and Genest, M.\,H. and Gentile, S. and George, M. and George, S. and Gerbaudo, D. and Gershon, A. and Ghazlane, H. and Giacobbe, B. and Giagu, S. and Giangiobbe, V. and Giannetti, P. and Gibbard, B. and Gibson, S.\,M. and Gilchriese, M. and Gillam, T.\,P.\,S. and Gillberg, D. and Gilles, G. and Gingrich, D.\,M. and Giokaris, N. and Giordani, M.\,P. and Giorgi, F.\,M. and Giorgi, F.\,M. and Giraud, P.\,F. and Giromini, P. and Giugni, D. and Giuliani, C. and Giulini, M. and Gjelsten, B.\,K. and Gkaitatzis, S. and Gkialas, I. and Gkougkousis, E.\,L. and Gladilin, L.\,K. and Glasman, C. and Glatzer, J. and Glaysher, P.\,C.\,F. and Glazov, A. and Goblirsch-Kolb, M. and Goddard, J.\,R. and Godlewski, J. and Goldfarb, S. and Golling, T. and Golubkov, D. and Gomes, A. and Gon{\c c}alo, R. and {Goncalves Pinto Firmino Da Costa}, J. and Gonella, L. and {Gonz{\'a}lez de la Hoz}, S. and {Gonzalez Parra}, G. and Gonzalez-Sevilla, S. and Goossens, L. and Gorbounov, P.\,A. and Gordon, H.\,A. and Gorelov, I. and Gorini, B. and Gorini, E. and Gori{\v s}ek, A. and Gornicki, E. and Goshaw, A.\,T. and G{\"o}ssling, C. and Gostkin, M.\,I. and Goujdami, D. and Goussiou, A.\,G. and Govender, N. and Grabas, H.\,M.\,X. and Graber, L. and Grabowska-Bold, I. and Grafstr{\"o}m, P. and Grahn, K-J. and Gramling, J. and Gramstad, E. and Grancagnolo, S. and Grassi, V. and Gratchev, V. and Gray, H.\,M. and Graziani, E. and Greenwood, Z.\,D. and Gregersen, K. and Gregor, I.\,M. and Grenier, P. and Griffiths, J. and Grillo, A.\,A. and Grimm, K. and Grinstein, S. and Gris, Ph. and Grivaz, J.-F. and Grohs, J.\,P. and Grohsjean, A. and Gross, E. and Grosse-Knetter, J. and Grossi, G.\,C. and Grout, Z.\,J. and Guan, L. and Guenther, J. and Guescini, F. and Guest, D. and Gueta, O. and Guido, E. and Guillemin, T. and Guindon, S. and Gul, U. and Gumpert, C. and Guo, J. and Gupta, S. and Gutierrez, P. and {Gutierrez Ortiz}, N.\,G. and Gutschow, C. and Guyot, C. and Gwenlan, C. and Gwilliam, C.\,B. and Haas, A. and Haber, C. and Hadavand, H.\,K. and Haddad, N. and Haefner, P. and Hageb{\"o}ck, S. and Hajduk, Z. and Hakobyan, H. and Haleem, M. and Haley, J. and Hall, D. and Halladjian, G. and Hallewell, G.\,D. and Hamacher, K. and Hamal, P. and Hamano, K. and Hamer, M. and Hamilton, A. and Hamity, G.\,N. and Hamnett, P.\,G. and Han, L. and Hanagaki, K. and Hanawa, K. and Hance, M. and Hanke, P. and Hanna, R. and Hansen, J.\,B. and Hansen, J.\,D. and Hansen, M.\,C. and Hansen, P.\,H. and Hara, K. and Hard, A.\,S. and Harenberg, T. and Hariri, F. and Harkusha, S. and Harrington, R.\,D. and Harrison, P.\,F. and Hartjes, F. and Hasegawa, M. and Hasegawa, S. and Hasegawa, Y. and Hasib, A. and Hassani, S. and Haug, S. and Hauser, R. and Hauswald, L. and Havranek, M. and Hawkes, C.\,M. and Hawkings, R.\,J. and Hawkins, A.\,D. and Hayashi, T. and Hayden, D. and Hays, C.\,P. and Hays, J.\,M. and Hayward, H.\,S. and Haywood, S.\,J. and Head, S.\,J. and Heck, T. and Hedberg, V. and Heelan, L. and Heim, S. and Heim, T. and Heinemann, B. and Heinrich, L. and Hejbal, J. and Helary, L. and Hellman, S. and Hellmich, D. and Helsens, C. and Henderson, J. and Henderson, R.\,C.\,W. and Heng, Y. and Hengler, C. and Henrichs, A. and {Henriques Correia}, A.\,M. and Henrot-Versille, S. and Herbert, G.\,H. and {Hern{\'a}ndez Jim{\'e}nez}, Y. and Herrberg-Schubert, R. and Herten, G. and Hertenberger, R. and Hervas, L. and Hesketh, G.\,G. and Hessey, N.\,P. and Hetherly, J.\,W. and Hickling, R. and Hig{\'o}n-Rodriguez, E. and Hill, E. and Hill, J.\,C. and Hiller, K.\,H. and Hillier, S.\,J. and Hinchliffe, I. and Hines, E. and Hinman, R.\,R. and Hirose, M. and Hirschbuehl, D. and Hobbs, J. and Hod, N. and Hodgkinson, M.\,C. and Hodgson, P. and Hoecker, A. and Hoeferkamp, M.\,R. and Hoenig, F. and Hohlfeld, M. and Hohn, D. and Holmes, T.\,R. and Hong, T.\,M. and {Hooft van Huysduynen}, L. and Hopkins, W.\,H. and Horii, Y. and Horton, A.\,J. and Hostachy, J-Y. and Hou, S. and Hoummada, A. and Howard, J. and Howarth, J. and Hrabovsky, M. and Hristova, I. and Hrivnac, J. and Hryn'ova, T. and Hrynevich, A. and Hsu, C. and Hsu, P.\,J. and Hsu, S.-C. and Hu, D. and Hu, Q. and Hu, X. and Huang, Y. and Hubacek, Z. and Hubaut, F. and Huegging, F. and Huffman, T.\,B. and Hughes, E.\,W. and Hughes, G. and Huhtinen, M. and H{\"u}lsing, T.\,A. and Huseynov, N. and Huston, J. and Huth, J. and Iacobucci, G. and Iakovidis, G. and Ibragimov, I. and Iconomidou-Fayard, L. and Ideal, E. and Idrissi, Z. and Iengo, P. and Igonkina, O. and Iizawa, T. and Ikegami, Y. and Ikematsu, K. and Ikeno, M. and Ilchenko, Y. and Iliadis, D. and Ilic, N. and Inamaru, Y. and Ince, T. and Ioannou, P. and Iodice, M. and Iordanidou, K. and Ippolito, V. and {Irles Quiles}, A. and Isaksson, C. and Ishino, M. and Ishitsuka, M. and Ishmukhametov, R. and Issever, C. and Istin, S. and {Iturbe Ponce}, J.\,M. and Iuppa, R. and Ivarsson, J. and Iwanski, W. and Iwasaki, H. and Izen, J.\,M. and Izzo, V. and Jabbar, S. and Jackson, B. and Jackson, M. and Jackson, P. and Jaekel, M.\,R. and Jain, V. and Jakobs, K. and Jakobsen, S. and Jakoubek, T. and Jakubek, J. and Jamin, D.\,O. and Jana, D.\,K. and Jansen, E. and Jansky, R.\,W. and Janssen, J. and Janus, M. and Jarlskog, G. and Javadov, N. and Jav\r{u}rek, T. and Jeanty, L. and Jejelava, J. and Jeng, G.-Y. and Jennens, D. and Jenni, P. and Jentzsch, J. and Jeske, C. and J{\'e}z{\'e}quel, S. and Ji, H. and Jia, J. and Jiang, Y. and Jiggins, S. and {Jimenez Pena}, J. and Jin, S. and Jinaru, A. and Jinnouchi, O. and Joergensen, M.\,D. and Johansson, P. and Johns, K.\,A. and Jon-And, K. and Jones, G. and Jones, R.\,W.\,L. and Jones, T.\,J. and Jongmanns, J. and Jorge, P.\,M. and Joshi, K.\,D. and Jovicevic, J. and Ju, X. and Jung, C.\,A. and Jussel, P. and {Juste Rozas}, A. and Kaci, M. and Kaczmarska, A. and Kado, M. and Kagan, H. and Kagan, M. and Kahn, S.\,J. and Kajomovitz, E. and Kalderon, C.\,W. and Kama, S. and Kamenshchikov, A. and Kanaya, N. and Kaneda, M. and Kaneti, S. and Kantserov, V.\,A. and Kanzaki, J. and Kaplan, B. and Kapliy, A. and Kar, D. and Karakostas, K. and Karamaoun, A. and Karastathis, N. and Kareem, M.\,J. and Karnevskiy, M. and Karpov, S.\,N. and Karpova, Z.\,M. and Karthik, K. and Kartvelishvili, V. and Karyukhin, A.\,N. and Kashif, L. and Kass, R.\,D. and Kastanas, A. and Kataoka, Y. and Katre, A. and Katzy, J. and Kawagoe, K. and Kawamoto, T. and Kawamura, G. and Kazama, S. and Kazanin, V.\,F. and Kazarinov, M.\,Y. and Keeler, R. and Kehoe, R. and Keller, J.\,S. and Kempster, J.\,J. and Keoshkerian, H. and Kepka, O. and Ker{\v s}evan, B.\,P. and Kersten, S. and Keyes, R.\,A. and Khalil-zada, F. and Khandanyan, H. and Khanov, A. and Kharlamov, A.\,G. and Khoo, T.\,J. and Khovanskiy, V. and Khramov, E. and Khubua, J. and Kim, H.\,Y. and Kim, H. and Kim, S.\,H. and Kim, Y. and Kimura, N. and Kind, O.\,M. and King, B.\,T. and King, M. and King, R.\,S.\,B. and King, S.\,B. and Kirk, J. and Kiryunin, A.\,E. and Kishimoto, T. and Kisielewska, D. and Kiss, F. and Kiuchi, K. and Kivernyk, O. and Kladiva, E. and Klein, M.\,H. and Klein, M. and Klein, U. and Kleinknecht, K. and Klimek, P. and Klimentov, A. and Klingenberg, R. and Klinger, J.\,A. and Klioutchnikova, T. and Kluge, E.-E. and Kluit, P. and Kluth, S. and Kneringer, E. and Knoops, E.\,B.\,F.\,G. and Knue, A. and Kobayashi, A. and Kobayashi, D. and Kobayashi, T. and Kobel, M. and Kocian, M. and Kodys, P. and Koffas, T. and Koffeman, E. and Kogan, L.\,A. and Kohlmann, S. and Kohout, Z. and Kohriki, T. and Koi, T. and Kolanoski, H. and Koletsou, I. and Komar, A.\,A. and Komori, Y. and Kondo, T. and Kondrashova, N. and K{\"o}neke, K. and K{\"o}nig, A.\,C. and K{\"o}nig, S. and Kono, T. and Konoplich, R. and Konstantinidis, N. and Kopeliansky, R. and Koperny, S. and K{\"o}pke, L. and Kopp, A.\,K. and Korcyl, K. and Kordas, K. and Korn, A. and Korol, A.\,A. and Korolkov, I. and Korolkova, E.\,V. and Kortner, O. and Kortner, S. and Kosek, T. and Kostyukhin, V.\,V. and Kotov, V.\,M. and Kotwal, A. and Kourkoumeli-Charalampidi, A. and Kourkoumelis, C. and Kouskoura, V. and Koutsman, A. and Kowalewski, R. and Kowalski, T.\,Z. and Kozanecki, W. and Kozhin, A.\,S. and Kramarenko, V.\,A. and Kramberger, G. and Krasnopevtsev, D. and Krasznahorkay, A. and Kraus, J.\,K. and Kravchenko, A. and Kreiss, S. and Kretz, M. and Kretzschmar, J. and Kreutzfeldt, K. and Krieger, P. and Krizka, K. and Kroeninger, K. and Kroha, H. and Kroll, J. and Kroseberg, J. and Krstic, J. and Kruchonak, U. and Kr{\"u}ger, H. and Krumnack, N. and Krumshteyn, Z.\,V. and Kruse, A. and Kruse, M.\,C. and Kruskal, M. and Kubota, T. and Kucuk, H. and Kuday, S. and Kuehn, S. and Kugel, A. and Kuger, F. and Kuhl, A. and Kuhl, T. and Kukhtin, V. and Kulchitsky, Y. and Kuleshov, S. and Kuna, M. and Kunigo, T. and Kupco, A. and Kurashige, H. and Kurochkin, Y.\,A. and Kurumida, R. and Kus, V. and Kuwertz, E.\,S. and Kuze, M. and Kvita, J. and Kwan, T. and Kyriazopoulos, D. and {La Rosa}, A. and {La Rosa Navarro}, J.\,L. and {La Rotonda}, L. and Lacasta, C. and Lacava, F. and Lacey, J. and Lacker, H. and Lacour, D. and Lacuesta, V.\,R. and Ladygin, E. and Lafaye, R. and Laforge, B. and Lagouri, T. and Lai, S. and Lambourne, L. and Lammers, S. and Lampen, C.\,L. and Lampl, W. and Lan{\c c}on, E. and Landgraf, U. and Landon, M.\,P.\,J. and Lang, V.\,S. and Lange, J.\,C. and Lankford, A.\,J. and Lanni, F. and Lantzsch, K. and Laplace, S. and Lapoire, C. and Laporte, J.\,F. and Lari, T. and {Lasagni Manghi}, F. and Lassnig, M. and Laurelli, P. and Lavrijsen, W. and Law, A.\,T. and Laycock, P. and {Le Dortz}, O. and {Le Guirriec}, E. and {Le Menedeu}, E. and LeBlanc, M. and LeCompte, T. and Ledroit-Guillon, F. and Lee, C.\,A. and Lee, S.\,C. and Lee, L. and Lefebvre, G. and Lefebvre, M. and Legger, F. and Leggett, C. and Lehan, A. and {Lehmann Miotto}, G. and Lei, X. and Leight, W.\,A. and Leisos, A. and Leister, A.\,G. and Leite, M.\,A.\,L. and Leitner, R. and Lellouch, D. and Lemmer, B. and Leney, K.\,J.\,C. and Lenz, T. and Lenzi, B. and Leone, R. and Leone, S. and Leonidopoulos, C. and Leontsinis, S. and Leroy, C. and Lester, C.\,G. and Levchenko, M. and Lev{\^e}que, J. and Levin, D. and Levinson, L.\,J. and Levy, M. and Lewis, A. and Leyko, A.\,M. and Leyton, M. and Li, B. and Li, H. and Li, H.\,L. and Li, L. and Li, L. and Li, S. and Li, Y. and Liang, Z. and Liao, H. and Liberti, B. and Liblong, A. and Lichard, P. and Lie, K. and Liebal, J. and Liebig, W. and Limbach, C. and Limosani, A. and Lin, S.\,C. and Lin, T.\,H. and Linde, F. and Lindquist, B.\,E. and Linnemann, J.\,T. and Lipeles, E. and Lipniacka, A. and Lisovyi, M. and Liss, T.\,M. and Lissauer, D. and Lister, A. and Litke, A.\,M. and Liu, B. and Liu, D. and Liu, J. and Liu, J.\,B. and Liu, K. and Liu, L. and Liu, M. and Liu, M. and Liu, Y. and Livan, M. and Lleres, A. and {Llorente Merino}, J. and Lloyd, S.\,L. and {Lo Sterzo}, F. and Lobodzinska, E. and Loch, P. and Lockman, W.\,S. and Loebinger, F.\,K. and Loevschall-Jensen, A.\,E. and Loginov, A. and Lohse, T. and Lohwasser, K. and Lokajicek, M. and Long, B.\,A. and Long, J.\,D. and Long, R.\,E. and Looper, K.\,A. and Lopes, L. and {Lopez Mateos}, D. and {Lopez Paredes}, B. and {Lopez Paz}, I. and Lorenz, J. and {Lorenzo Martinez}, N. and Losada, M. and Loscutoff, P. and L{\"o}sel, P.\,J. and Lou, X. and Lounis, A. and Love, J. and Love, P.\,A. and Lu, N. and Lubatti, H.\,J. and Luci, C. and Lucotte, A. and Luehring, F. and Lukas, W. and Luminari, L. and Lundberg, O. and Lund-Jensen, B. and Lynn, D. and Lysak, R. and Lytken, E. and Ma, H. and Ma, L.\,L. and Maccarrone, G. and Macchiolo, A. and Macdonald, C.\,M. and {Machado Miguens}, J. and Macina, D. and Madaffari, D. and Madar, R. and Maddocks, H.\,J. and Mader, W.\,F. and Madsen, A. and Maeland, S. and Maeno, T. and Maevskiy, A. and Magradze, E. and Mahboubi, K. and Mahlstedt, J. and Maiani, C. and Maidantchik, C. and Maier, A.\,A. and Maier, T. and Maio, A. and Majewski, S. and Makida, Y. and Makovec, N. and Malaescu, B. and Malecki, Pa. and Maleev, V.\,P. and Malek, F. and Mallik, U. and Malon, D. and Malone, C. and Maltezos, S. and Malyshev, V.\,M. and Malyukov, S. and Mamuzic, J. and Mancini, G. and Mandelli, B. and Mandelli, L. and Mandi{\'c}, I. and Mandrysch, R. and Maneira, J. and Manfredini, A. and {Manhaes de Andrade Filho}, L. and {Manjarres Ramos}, J. and Mann, A. and Manning, P.\,M. and Manousakis-Katsikakis, A. and Mansoulie, B. and Mantifel, R. and Mantoani, M. and Mapelli, L. and March, L. and Marchiori, G. and Marcisovsky, M. and Marino, C.\,P. and Marjanovic, M. and Marroquim, F. and Marsden, S.\,P. and Marshall, Z. and Marti, L.\,F. and Marti-Garcia, S. and Martin, B. and Martin, T.\,A. and Martin, V.\,J. and {Martin dit Latour}, B. and Martinez, M. and Martin-Haugh, S. and Martoiu, V.\,S. and Martyniuk, A.\,C. and Marx, M. and Marzano, F. and Marzin, A. and Masetti, L. and Mashimo, T. and Mashinistov, R. and Masik, J. and Maslennikov, A.\,L. and Massa, I. and Massa, L. and Massol, N. and Mastrandrea, P. and Mastroberardino, A. and Masubuchi, T. and M{\"a}ttig, P. and Mattmann, J. and Maurer, J. and Maxfield, S.\,J. and Maximov, D.\,A. and Mazini, R. and Mazza, S.\,M. and Mazzaferro, L. and {Mc Goldrick}, G. and {Mc Kee}, S.\,P. and McCarn, A. and McCarthy, R.\,L. and McCarthy, T.\,G. and McCubbin, N.\,A. and McFarlane, K.\,W. and Mcfayden, J.\,A. and Mchedlidze, G. and McMahon, S.\,J. and McPherson, R.\,A. and Medinnis, M. and Meehan, S. and Mehlhase, S. and Mehta, A. and Meier, K. and Meineck, C. and Meirose, B. and {Mellado Garcia}, B.\,R. and Meloni, F. and Mengarelli, A. and Menke, S. and Meoni, E. and Mercurio, K.\,M. and Mergelmeyer, S. and Mermod, P. and Merola, L. and Meroni, C. and Merritt, F.\,S. and Messina, A. and Metcalfe, J. and Mete, A.\,S. and Meyer, C. and Meyer, C. and Meyer, J-P. and Meyer, J. and Middleton, R.\,P. and Miglioranzi, S. and Mijovi{\'c}, L. and Mikenberg, G. and Mikestikova, M. and Miku{\v z}, M. and Milesi, M. and Milic, A. and Miller, D.\,W. and Mills, C. and Milov, A. and Milstead, D.\,A. and Minaenko, A.\,A. and Minami, Y. and Minashvili, I.\,A. and Mincer, A.\,I. and Mindur, B. and Mineev, M. and Ming, Y. and Mir, L.\,M. and Mitani, T. and Mitrevski, J. and Mitsou, V.\,A. and Miucci, A. and Miyagawa, P.\,S. and Mj{\"o}rnmark, J.\,U. and Moa, T. and Mochizuki, K. and Mohapatra, S. and Mohr, W. and Molander, S. and Moles-Valls, R. and M{\"o}nig, K. and Monini, C. and Monk, J. and Monnier, E. and {Montejo Berlingen}, J. and Monticelli, F. and Monzani, S. and Moore, R.\,W. and Morange, N. and Moreno, D. and {Moreno Ll{\'a}cer}, M. and Morettini, P. and Morgenstern, M. and Morii, M. and Morinaga, M. and Morisbak, V. and Moritz, S. and Morley, A.\,K. and Mornacchi, G. and Morris, J.\,D. and Mortensen, S.\,S. and Morton, A. and Morvaj, L. and Mosidze, M. and Moss, J. and Motohashi, K. and Mount, R. and Mountricha, E. and Mouraviev, S.\,V. and Moyse, E.\,J.\,W. and Muanza, S. and Mudd, R.\,D. and Mueller, F. and Mueller, J. and Mueller, K. and Mueller, R.\,S.\,P. and Mueller, T. and Muenstermann, D. and Mullen, P. and Munwes, Y. and {Murillo Quijada}, J.\,A. and Murray, W.\,J. and Musheghyan, H. and Musto, E. and Myagkov, A.\,G. and Myska, M. and Nackenhorst, O. and Nadal, J. and Nagai, K. and Nagai, R. and Nagai, Y. and Nagano, K. and Nagarkar, A. and Nagasaka, Y. and Nagata, K. and Nagel, M. and Nagy, E. and Nairz, A.\,M. and Nakahama, Y. and Nakamura, K. and Nakamura, T. and Nakano, I. and Namasivayam, H. and {Naranjo Garcia}, R.\,F. and Narayan, R. and Naumann, T. and Navarro, G. and Nayyar, R. and Neal, H.\,A. and Nechaeva, P.Yu. and Neep, T.\,J. and Nef, P.\,D. and Negri, A. and Negrini, M. and Nektarijevic, S. and Nellist, C. and Nelson, A. and Nemecek, S. and Nemethy, P. and Nepomuceno, A.\,A. and Nessi, M. and Neubauer, M.\,S. and Neumann, M. and Neves, R.\,M. and Nevski, P. and Newman, P.\,R. and Nguyen, D.\,H. and Nickerson, R.\,B. and Nicolaidou, R. and Nicquevert, B. and Nielsen, J. and Nikiforou, N. and Nikiforov, A. and Nikolaenko, V. and Nikolic-Audit, I. and Nikolopoulos, K. and Nilsen, J.\,K. and Nilsson, P. and Ninomiya, Y. and Nisati, A. and Nisius, R. and Nobe, T. and Nomachi, M. and Nomidis, I. and Nooney, T. and Norberg, S. and Nordberg, M. and Novgorodova, O. and Nowak, S. and Nozaki, M. and Nozka, L. and Ntekas, K. and {Nunes Hanninger}, G. and Nunnemann, T. and Nurse, E. and Nuti, F. and O'Brien, B.\,J. and O'grady, F. and O'Neil, D.\,C. and O'Shea, V. and Oakham, F.\,G. and Oberlack, H. and Obermann, T. and Ocariz, J. and Ochi, A. and Ochoa, I. and Ochoa-Ricoux, J.\,P. and Oda, S. and Odaka, S. and Ogren, H. and Oh, A. and Oh, S.\,H. and Ohm, C.\,C. and Ohman, H. and Oide, H. and Okamura, W. and Okawa, H. and Okumura, Y. and Okuyama, T. and Olariu, A. and {Olivares Pino}, S.\,A. and {Oliveira Damazio}, D. and {Oliver Garcia}, E. and Olszewski, A. and Olszowska, J. and Onofre, A. and Onyisi, P.\,U.\,E. and Oram, C.\,J. and Oreglia, M.\,J. and Oren, Y. and Orestano, D. and Orlando, N. and {Oropeza Barrera}, C. and Orr, R.\,S. and Osculati, B. and Ospanov, R. and {Otero y Garzon}, G. and Otono, H. and Ouchrif, M. and Ouellette, E.\,A. and Ould-Saada, F. and Ouraou, A. and Oussoren, K.\,P. and Ouyang, Q. and Ovcharova, A. and Owen, M. and Owen, R.\,E. and Ozcan, V.\,E. and Ozturk, N. and Pachal, K. and {Pacheco Pages}, A. and {Padilla Aranda}, C. and Pag{\'a}{\v c}ov{\'a}, M. and {Pagan Griso}, S. and Paganis, E. and Pahl, C. and Paige, F. and Pais, P. and Pajchel, K. and Palacino, G. and Palestini, S. and Palka, M. and Pallin, D. and Palma, A. and Pan, Y.\,B. and Panagiotopoulou, E. and Pandini, C.\,E. and {Panduro Vazquez}, J.\,G. and Pani, P. and Panitkin, S. and Pantea, D. and Paolozzi, L. and Papadopoulou, Th.D. and Papageorgiou, K. and Paramonov, A. and {Paredes Hernandez}, D. and Parker, M.\,A. and Parker, K.\,A. and Parodi, F. and Parsons, J.\,A. and Parzefall, U. and Pasqualucci, E. and Passaggio, S. and Pastore, F. and Pastore, Fr. and P{\'a}sztor, G. and Pataraia, S. and Patel, N.\,D. and Pater, J.\,R. and Pauly, T. and Pearce, J. and Pearson, B. and Pedersen, L.\,E. and Pedersen, M. and {Pedraza Lopez}, S. and Pedro, R. and Peleganchuk, S.\,V. and Pelikan, D. and Peng, H. and Penning, B. and Penwell, J. and Perepelitsa, D.\,V. and {Perez Codina}, E. and {P{\'e}rez Garc{\'\i}a-Esta{\~n}}, M.\,T. and Perini, L. and Pernegger, H. and Perrella, S. and Peschke, R. and Peshekhonov, V.\,D. and Peters, K. and Peters, R.\,F.\,Y. and Petersen, B.\,A. and Petersen, T.\,C. and Petit, E. and Petridis, A. and Petridou, C. and Petrolo, E. and Petrucci, F. and Pettersson, N.\,E. and Pezoa, R. and Phillips, P.\,W. and Piacquadio, G. and Pianori, E. and Picazio, A. and Piccaro, E. and Piccinini, M. and Pickering, M.\,A. and Piegaia, R. and Pignotti, D.\,T. and Pilcher, J.\,E. and Pilkington, A.\,D. and Pina, J. and Pinamonti, M. and Pinfold, J.\,L. and Pingel, A. and Pinto, B. and Pires, S. and Pitt, M. and Pizio, C. and Plazak, L. and Pleier, M.-A. and Pleskot, V. and Plotnikova, E. and Plucinski, P. and Pluth, D. and Poettgen, R. and Poggioli, L. and Pohl, D. and Polesello, G. and Policicchio, A. and Polifka, R. and Polini, A. and Pollard, C.\,S. and Polychronakos, V. and Pomm{\`e}s, K. and Pontecorvo, L. and Pope, B.\,G. and Popeneciu, G.\,A. and Popovic, D.\,S. and Poppleton, A. and Pospisil, S. and Potamianos, K. and Potrap, I.\,N. and Potter, C.\,J. and Potter, C.\,T. and Poulard, G. and Poveda, J. and Pozdnyakov, V. and Pralavorio, P. and Pranko, A. and Prasad, S. and Prell, S. and Price, D. and Price, L.\,E. and Primavera, M. and Prince, S. and Proissl, M. and Prokofiev, K. and Prokoshin, F. and Protopapadaki, E. and Protopopescu, S. and Proudfoot, J. and Przybycien, M. and Ptacek, E. and Puddu, D. and Pueschel, E. and Puldon, D. and Purohit, M. and Puzo, P. and Qian, J. and Qin, G. and Qin, Y. and Quadt, A. and Quarrie, D.\,R. and Quayle, W.\,B. and Queitsch-Maitland, M. and Quilty, D. and Raddum, S. and Radeka, V. and Radescu, V. and Radhakrishnan, S.\,K. and Radloff, P. and Rados, P. and Ragusa, F. and Rahal, G. and Rajagopalan, S. and Rammensee, M. and Rangel-Smith, C. and Rauscher, F. and Rave, S. and Ravenscroft, T. and Raymond, M. and Read, A.\,L. and Readioff, N.\,P. and Rebuzzi, D.\,M. and Redelbach, A. and Redlinger, G. and Reece, R. and Reeves, K. and Rehnisch, L. and Reisin, H. and Relich, M. and Rembser, C. and Ren, H. and Renaud, A. and Rescigno, M. and Resconi, S. and Rezanova, O.\,L. and Reznicek, P. and Rezvani, R. and Richter, R. and Richter, S. and Richter-Was, E. and Ricken, O. and Ridel, M. and Rieck, P. and Riegel, C.\,J. and Rieger, J. and Rijssenbeek, M. and Rimoldi, A. and Rinaldi, L. and Risti{\'c}, B. and Ritsch, E. and Riu, I. and Rizatdinova, F. and Rizvi, E. and Robertson, S.\,H. and Robichaud-Veronneau, A. and Robinson, D. and Robinson, J.\,E.\,M. and Robson, A. and Roda, C. and Roe, S. and R\o{}hne, O. and Rolli, S. and Romaniouk, A. and Romano, M. and {Romano Saez}, S.\,M. and {Romero Adam}, E. and Rompotis, N. and Ronzani, M. and Roos, L. and Ros, E. and Rosati, S. and Rosbach, K. and Rose, P. and Rosendahl, P.\,L. and Rosenthal, O. and Rossetti, V. and Rossi, E. and Rossi, L.\,P. and Rosten, R. and Rotaru, M. and Roth, I. and Rothberg, J. and Rousseau, D. and Royon, C.\,R. and Rozanov, A. and Rozen, Y. and Ruan, X. and Rubbo, F. and Rubinskiy, I. and Rud, V.\,I. and Rudolph, C. and Rudolph, M.\,S. and R{\"u}hr, F. and Ruiz-Martinez, A. and Rurikova, Z. and Rusakovich, N.\,A. and Ruschke, A. and Russell, H.\,L. and Rutherfoord, J.\,P. and Ruthmann, N. and Ryabov, Y.\,F. and Rybar, M. and Rybkin, G. and Ryder, N.\,C. and Saavedra, A.\,F. and Sabato, G. and Sacerdoti, S. and Saddique, A. and Sadrozinski, H.\,F-W. and Sadykov, R. and {Safai Tehrani}, F. and Saimpert, M. and Sakamoto, H. and Sakurai, Y. and Salamanna, G. and Salamon, A. and Saleem, M. and Salek, D. and {Sales De Bruin}, P.\,H. and Salihagic, D. and Salnikov, A. and Salt, J. and Salvatore, D. and Salvatore, F. and Salvucci, A. and Salzburger, A. and Sampsonidis, D. and Sanchez, A. and S{\'a}nchez, J. and {Sanchez Martinez}, V. and Sandaker, H. and Sandbach, R.\,L. and Sander, H.\,G. and Sanders, M.\,P. and Sandhoff, M. and Sandoval, C. and Sandstroem, R. and Sankey, D.\,P.\,C. and Sannino, M. and Sansoni, A. and Santoni, C. and Santonico, R. and Santos, H. and {Santoyo Castillo}, I. and Sapp, K. and Sapronov, A. and Saraiva, J.\,G. and Sarrazin, B. and Sasaki, O. and Sasaki, Y. and Sato, K. and Sauvage, G. and Sauvan, E. and Savage, G. and Savard, P. and Sawyer, C. and Sawyer, L. and Saxon, J. and Sbarra, C. and Sbrizzi, A. and Scanlon, T. and Scannicchio, D.\,A. and Scarcella, M. and Scarfone, V. and Schaarschmidt, J. and Schacht, P. and Schaefer, D. and Schaefer, R. and Schaeffer, J. and Schaepe, S. and Schaetzel, S. and Sch{\"a}fer, U. and Schaffer, A.\,C. and Schaile, D. and Schamberger, R.\,D. and Scharf, V. and Schegelsky, V.\,A. and Scheirich, D. and Schernau, M. and Schiavi, C. and Schillo, C. and Schioppa, M. and Schlenker, S. and Schmidt, E. and Schmieden, K. and Schmitt, C. and Schmitt, S. and Schmitt, S. and Schneider, B. and Schnellbach, Y.\,J. and Schnoor, U. and Schoeffel, L. and Schoening, A. and Schoenrock, B.\,D. and Schopf, E. and Schorlemmer, A.\,L.\,S. and Schott, M. and Schouten, D. and Schovancova, J. and Schramm, S. and Schreyer, M. and Schroeder, C. and Schuh, N. and Schultens, M.\,J. and Schultz-Coulon, H.-C. and Schulz, H. and Schumacher, M. and Schumm, B.\,A. and Schune, Ph. and Schwanenberger, C. and Schwartzman, A. and Schwarz, T.\,A. and Schwegler, Ph. and Schwemling, Ph. and Schwienhorst, R. and Schwindling, J. and Schwindt, T. and Schwoerer, M. and Sciacca, F.\,G. and Scifo, E. and Sciolla, G. and Scuri, F. and Scutti, F. and Searcy, J. and Sedov, G. and Sedykh, E. and Seema, P. and Seidel, S.\,C. and Seiden, A. and Seifert, F. and Seixas, J.\,M. and Sekhniaidze, G. and Sekhon, K. and Sekula, S.\,J. and Selbach, K.\,E. and Seliverstov, D.\,M. and Semprini-Cesari, N. and Serfon, C. and Serin, L. and Serkin, L. and Serre, T. and Sessa, M. and Seuster, R. and Severini, H. and Sfiligoj, T. and Sforza, F. and Sfyrla, A. and Shabalina, E. and Shamim, M. and Shan, L.\,Y. and Shang, R. and Shank, J.\,T. and Shapiro, M. and Shatalov, P.\,B. and Shaw, K. and Shaw, S.\,M. and Shcherbakova, A. and Shehu, C.\,Y. and Sherwood, P. and Shi, L. and Shimizu, S. and Shimmin, C.\,O. and Shimojima, M. and Shiyakova, M. and Shmeleva, A. and {Shoaleh Saadi}, D. and Shochet, M.\,J. and Shojaii, S. and Shrestha, S. and Shulga, E. and Shupe, M.\,A. and Shushkevich, S. and Sicho, P. and Sidiropoulou, O. and Sidorov, D. and Sidoti, A. and Siegert, F. and Sijacki, Dj. and Silva, J. and Silver, Y. and Silverstein, S.\,B. and Simak, V. and Simard, O. and Simic, Lj. and Simion, S. and Simioni, E. and Simmons, B. and Simon, D. and Simoniello, R. and Sinervo, P. and Sinev, N.\,B. and Siragusa, G. and Sisakyan, A.\,N. and Sivoklokov, S.Yu. and Sj{\"o}lin, J. and Sjursen, T.\,B. and Skinner, M.\,B. and Skottowe, H.\,P. and Skubic, P. and Slater, M. and Slavicek, T. and Slawinska, M. and Sliwa, K. and Smakhtin, V. and Smart, B.\,H. and Smestad, L. and Smirnov, S.Yu. and Smirnov, Y. and Smirnova, L.\,N. and Smirnova, O. and Smith, M.\,N.\,K. and Smith, R.\,W. and Smizanska, M. and Smolek, K. and Snesarev, A.\,A. and Snidero, G. and Snyder, S. and Sobie, R. and Socher, F. and Soffer, A. and Soh, D.\,A. and Solans, C.\,A. and Solar, M. and Solc, J. and Soldatov, E.Yu. and Soldevila, U. and Solodkov, A.\,A. and Soloshenko, A. and Solovyanov, O.\,V. and Solovyev, V. and Sommer, P. and Song, H.\,Y. and Soni, N. and Sood, A. and Sopczak, A. and Sopko, B. and Sopko, V. and Sorin, V. and Sosa, D. and Sosebee, M. and Sotiropoulou, C.\,L. and Soualah, R. and Soueid, P. and Soukharev, A.\,M. and South, D. and Sowden, B.\,C. and Spagnolo, S. and Spalla, M. and Span{\`o}, F. and Spearman, W.\,R. and Spettel, F. and Spighi, R. and Spigo, G. and Spiller, L.\,A. and Spousta, M. and Spreitzer, T. and {St. Denis}, R.\,D. and Staerz, S. and Stahlman, J. and Stamen, R. and Stamm, S. and Stanecka, E. and Stanescu, C. and Stanescu-Bellu, M. and Stanitzki, M.\,M. and Stapnes, S. and Starchenko, E.\,A. and Stark, J. and Staroba, P. and Starovoitov, P. and Staszewski, R. and Stavina, P. and Steinberg, P. and Stelzer, B. and Stelzer, H.\,J. and Stelzer-Chilton, O. and Stenzel, H. and Stern, S. and Stewart, G.\,A. and Stillings, J.\,A. and Stockton, M.\,C. and Stoebe, M. and Stoicea, G. and Stolte, P. and Stonjek, S. and Stradling, A.\,R. and Straessner, A. and Stramaglia, M.\,E. and Strandberg, J. and Strandberg, S. and Strandlie, A. and Strauss, E. and Strauss, M. and Strizenec, P. and Str{\"o}hmer, R. and Strom, D.\,M. and Stroynowski, R. and Strubig, A. and Stucci, S.\,A. and Stugu, B. and Styles, N.\,A. and Su, D. and Su, J. and Subramaniam, R. and Succurro, A. and Sugaya, Y. and Suhr, C. and Suk, M. and Sulin, V.\,V. and Sultansoy, S. and Sumida, T. and Sun, S. and Sun, X. and Sundermann, J.\,E. and Suruliz, K. and Susinno, G. and Sutton, M.\,R. and Suzuki, S. and Suzuki, Y. and Svatos, M. and Swedish, S. and Swiatlowski, M. and Sykora, I. and Sykora, T. and Ta, D. and Taccini, C. and Tackmann, K. and Taenzer, J. and Taffard, A. and Tafirout, R. and Taiblum, N. and Takai, H. and Takashima, R. and Takeda, H. and Takeshita, T. and Takubo, Y. and Talby, M. and Talyshev, A.\,A. and Tam, J.\,Y.\,C. and Tan, K.\,G. and Tanaka, J. and Tanaka, R. and Tanaka, S. and Tannenwald, B.\,B. and Tannoury, N. and Tapprogge, S. and Tarem, S. and Tarrade, F. and Tartarelli, G.\,F. and Tas, P. and Tasevsky, M. and Tashiro, T. and Tassi, E. and {Tavares Delgado}, A. and Tayalati, Y. and Taylor, F.\,E. and Taylor, G.\,N. and Taylor, W. and Teischinger, F.\,A. and {Teixeira Dias Castanheira}, M. and Teixeira-Dias, P. and Temming, K.\,K. and {Ten Kate}, H. and Teng, P.\,K. and Teoh, J.\,J. and Tepel, F. and Terada, S. and Terashi, K. and Terron, J. and Terzo, S. and Testa, M. and Teuscher, R.\,J. and Therhaag, J. and Theveneaux-Pelzer, T. and Thomas, J.\,P. and Thomas-Wilsker, J. and Thompson, E.\,N. and Thompson, P.\,D. and Thompson, R.\,J. and Thompson, A.\,S. and Thomsen, L.\,A. and Thomson, E. and Thomson, M. and Thun, R.\,P. and Tibbetts, M.\,J. and {Ticse Torres}, R.\,E. and Tikhomirov, V.\,O. and Tikhonov, Yu.A. and Timoshenko, S. and Tiouchichine, E. and Tipton, P. and Tisserant, S. and Todorov, T. and Todorova-Nova, S. and Tojo, J. and Tok{\'a}r, S. and Tokushuku, K. and Tollefson, K. and Tolley, E. and Tomlinson, L. and Tomoto, M. and Tompkins, L. and Toms, K. and Torrence, E. and Torres, H. and {Torr{\'o} Pastor}, E. and Toth, J. and Touchard, F. and Tovey, D.\,R. and Trefzger, T. and Tremblet, L. and Tricoli, A. and Trigger, I.\,M. and Trincaz-Duvoid, S. and Tripiana, M.\,F. and Trischuk, W. and Trocm{\'e}, B. and Troncon, C. and Trottier-McDonald, M. and Trovatelli, M. and True, P. and Truong, L. and Trzebinski, M. and Trzupek, A. and Tsarouchas, C. and Tseng, J.C-L. and Tsiareshka, P.\,V. and Tsionou, D. and Tsipolitis, G. and Tsirintanis, N. and Tsiskaridze, S. and Tsiskaridze, V. and Tskhadadze, E.\,G. and Tsukerman, I.\,I. and Tsulaia, V. and Tsuno, S. and Tsybychev, D. and Tudorache, A. and Tudorache, V. and Tuna, A.\,N. and Tupputi, S.\,A. and Turchikhin, S. and Turecek, D. and Turra, R. and Turvey, A.\,J. and Tuts, P.\,M. and Tykhonov, A. and Tylmad, M. and Tyndel, M. and Ueda, I. and Ueno, R. and Ughetto, M. and Ugland, M. and Uhlenbrock, M. and Ukegawa, F. and Unal, G. and Undrus, A. and Unel, G. and Ungaro, F.\,C. and Unno, Y. and Unverdorben, C. and Urban, J. and Urquijo, P. and Urrejola, P. and Usai, G. and Usanova, A. and Vacavant, L. and Vacek, V. and Vachon, B. and Valderanis, C. and Valencic, N. and Valentinetti, S. and Valero, A. and Valery, L. and Valkar, S. and {Valladolid Gallego}, E. and Vallecorsa, S. and {Valls Ferrer}, J.\,A. and {Van Den Wollenberg}, W. and {Van Der Deijl}, P.\,C. and {van der Geer}, R. and {van der Graaf}, H. and {Van Der Leeuw}, R. and {van Eldik}, N. and {van Gemmeren}, P. and {Van Nieuwkoop}, J. and {van Vulpen}, I. and {van Woerden}, M.\,C. and Vanadia, M. and Vandelli, W. and Vanguri, R. and Vaniachine, A. and Vannucci, F. and Vardanyan, G. and Vari, R. and Varnes, E.\,W. and Varol, T. and Varouchas, D. and Vartapetian, A. and Varvell, K.\,E. and Vazeille, F. and {Vazquez Schroeder}, T. and Veatch, J. and Veloce, L.\,M. and Veloso, F. and Velz, T. and Veneziano, S. and Ventura, A. and Ventura, D. and Venturi, M. and Venturi, N. and Venturini, A. and Vercesi, V. and Verducci, M. and Verkerke, W. and Vermeulen, J.\,C. and Vest, A. and Vetterli, M.\,C. and Viazlo, O. and Vichou, I. and Vickey, T. and {Vickey Boeriu}, O.\,E. and Viehhauser, G.\,H.\,A. and Viel, S. and Vigne, R. and Villa, M. and {Villaplana Perez}, M. and Vilucchi, E. and Vincter, M.\,G. and Vinogradov, V.\,B. and Vivarelli, I. and {Vives Vaque}, F. and Vlachos, S. and Vladoiu, D. and Vlasak, M. and Vogel, M. and Vokac, P. and Volpi, G. and Volpi, M. and {von der Schmitt}, H. and {von Radziewski}, H. and {von Toerne}, E. and Vorobel, V. and Vorobev, K. and Vos, M. and Voss, R. and Vossebeld, J.\,H. and Vranjes, N. and {Vranjes Milosavljevic}, M. and Vrba, V. and Vreeswijk, M. and Vuillermet, R. and Vukotic, I. and Vykydal, Z. and Wagner, P. and Wagner, W. and Wahlberg, H. and Wahrmund, S. and Wakabayashi, J. and Walder, J. and Walker, R. and Walkowiak, W. and Wang, C. and Wang, F. and Wang, H. and Wang, H. and Wang, J. and Wang, J. and Wang, K. and Wang, R. and Wang, S.\,M. and Wang, T. and Wang, X. and Wanotayaroj, C. and Warburton, A. and Ward, C.\,P. and Wardrope, D.\,R. and Warsinsky, M. and Washbrook, A. and Wasicki, C. and Watkins, P.\,M. and Watson, A.\,T. and Watson, I.\,J. and Watson, M.\,F. and Watts, G. and Watts, S. and Waugh, B.\,M. and Webb, S. and Weber, M.\,S. and Weber, S.\,W. and Webster, J.\,S. and Weidberg, A.\,R. and Weinert, B. and Weingarten, J. and Weiser, C. and Weits, H. and Wells, P.\,S. and Wenaus, T. and Wengler, T. and Wenig, S. and Wermes, N. and Werner, M. and Werner, P. and Wessels, M. and Wetter, J. and Whalen, K. and Wharton, A.\,M. and White, A. and White, M.\,J. and White, R. and White, S. and Whiteson, D. and Wickens, F.\,J. and Wiedenmann, W. and Wielers, M. and Wienemann, P. and Wiglesworth, C. and Wiik-Fuchs, L.\,A.\,M. and Wildauer, A. and Wilkens, H.\,G. and Williams, H.\,H. and Williams, S. and Willis, C. and Willocq, S. and Wilson, A. and Wilson, J.\,A. and Wingerter-Seez, I. and Winklmeier, F. and Winter, B.\,T. and Wittgen, M. and Wittkowski, J. and Wollstadt, S.\,J. and Wolter, M.\,W. and Wolters, H. and Wosiek, B.\,K. and Wotschack, J. and Woudstra, M.\,J. and Wozniak, K.\,W. and Wu, M. and Wu, M. and Wu, S.\,L. and Wu, X. and Wu, Y. and Wyatt, T.\,R. and Wynne, B.\,M. and Xella, S. and Xu, D. and Xu, L. and Yabsley, B. and Yacoob, S. and Yakabe, R. and Yamada, M. and Yamaguchi, Y. and Yamamoto, A. and Yamamoto, S. and Yamanaka, T. and Yamauchi, K. and Yamazaki, Y. and Yan, Z. and Yang, H. and Yang, H. and Yang, Y. and Yao, L. and Yao, W-M. and Yasu, Y. and Yatsenko, E. and {Yau Wong}, K.\,H. and Ye, J. and Ye, S. and Yeletskikh, I. and Yen, A.\,L. and Yildirim, E. and Yorita, K. and Yoshida, R. and Yoshihara, K. and Young, C. and Young, C.\,J.\,S. and Youssef, S. and Yu, D.\,R. and Yu, J. and Yu, J.\,M. and Yu, J. and Yuan, L. and Yurkewicz, A. and Yusuff, I. and Zabinski, B. and Zaidan, R. and Zaitsev, A.\,M. and Zalieckas, J. and Zaman, A. and Zambito, S. and Zanello, L. and Zanzi, D. and Zeitnitz, C. and Zeman, M. and Zemla, A. and Zengel, K. and Zenin, O. and {\v Z}eni{\v s}, T. and Zerwas, D. and Zhang, D. and Zhang, F. and Zhang, J. and Zhang, L. and Zhang, R. and Zhang, X. and Zhang, Z. and Zhao, X. and Zhao, Y. and Zhao, Z. and Zhemchugov, A. and Zhong, J. and Zhou, B. and Zhou, C. and Zhou, L. and Zhou, L. and Zhou, N. and Zhu, C.\,G. and Zhu, H. and Zhu, J. and Zhu, Y. and Zhuang, X. and Zhukov, K. and Zibell, A. and Zieminska, D. and Zimine, N.\,I. and Zimmermann, C. and Zimmermann, S. and Zinonos, Z. and Zinser, M. and Ziolkowski, M. and {\v Z}ivkovi{\'c}, L. and Zobernig, G. and Zoccoli, A. and {zur Nedden}, M. and Zurzolo, G. and Zwalinski, L. and Khachatryan, V. and Sirunyan, A.\,M. and Tumasyan, A. and Adam, W. and Asilar, E. and Bergauer, T. and Brandstetter, J. and Brondolin, E. and Dragicevic, M. and Er{\"o}, J. and Flechl, M. and Friedl, M. and Fr{\"u}hwirth, R. and Ghete, V.\,M. and Hartl, C. and H{\"o}rmann, N. and Hrubec, J. and Jeitler, M. and Kn{\"u}nz, V. and K{\"o}nig, A. and Krammer, M. and Kr{\"a}tschmer, I. and Liko, D. and Matsushita, T. and Mikulec, I. and Rabady, D. and Rahbaran, B. and Rohringer, H. and Schieck, J. and Sch{\"o}fbeck, R. and Strauss, J. and Treberer-Treberspurg, W. and Waltenberger, W. and Wulz, C.-E. and Mossolov, V. and Shumeiko, N. and {Suarez Gonzalez}, J. and Alderweireldt, S. and Cornelis, T. and {De Wolf}, E.\,A. and Janssen, X. and Knutsson, A. and Lauwers, J. and Luyckx, S. and Ochesanu, S. and Rougny, R. and {Van De Klundert}, M. and {Van Haevermaet}, H. and {Van Mechelen}, P. and {Van Remortel}, N. and {Van Spilbeeck}, A. and {Abu Zeid}, S. and Blekman, F. and D'Hondt, J. and Daci, N. and {De Bruyn}, I. and Deroover, K. and Heracleous, N. and Keaveney, J. and Lowette, S. and Moreels, L. and Olbrechts, A. and Python, Q. and Strom, D. and Tavernier, S. and {Van Doninck}, W. and {Van Mulders}, P. and {Van Onsem}, G.\,P. and {Van Parijs}, I. and Barria, P. and Caillol, C. and Clerbaux, B. and {De Lentdecker}, G. and Delannoy, H. and Dobur, D. and Fasanella, G. and Favart, L. and Gay, A.\,P.\,R. and Grebenyuk, A. and Lenzi, T. and L{\'e}onard, A. and Maerschalk, T. and Mohammadi, A. and Perni{\`e}, L. and Randle-conde, A. and Reis, T. and Seva, T. and Thomas, L. and {Vander Velde}, C. and Vanlaer, P. and Wang, J. and Yonamine, R. and Zenoni, F. and Zhang, F. and Beernaert, K. and Benucci, L. and Cimmino, A. and Crucy, S. and Fagot, A. and Garcia, G. and Gul, M. and Mccartin, J. and {Ocampo Rios}, A.\,A. and Poyraz, D. and Ryckbosch, D. and {Salva Diblen}, S. and Sigamani, M. and Strobbe, N. and Tytgat, M. and {Van Driessche}, W. and Yazgan, E. and Zaganidis, N. and Basegmez, S. and Beluffi, C. and Bondu, O. and Bruno, G. and Castello, R. and Caudron, A. and Ceard, L. and {Da Silveira}, G.\,G. and Delaere, C. and Favart, D. and Forthomme, L. and Giammanco, A. and Hollar, J. and Jafari, A. and Jez, P. and Komm, M. and Lemaitre, V. and Mertens, A. and Nuttens, C. and Perrini, L. and Pin, A. and Piotrzkowski, K. and Popov, A. and Quertenmont, L. and Selvaggi, M. and {Vidal Marono}, M. and Beliy, N. and Caebergs, T. and Hammad, G.\,H. and {Ald{\'a} J{\'u}nior}, W.\,L. and Alves, G.\,A. and Brito, L. and {Correa Martins Junior}, M. and {Dos Reis Martins}, T. and Hensel, C. and {Mora Herrera}, C. and Moraes, A. and Pol, M.\,E. and {Rebello Teles}, P. and {Belchior Batista Das Chagas}, E. and Carvalho, W. and Chinellato, J. and Cust{\'o}dio, A. and {Da Costa}, E.\,M. and {De Jesus Damiao}, D. and {De Oliveira Martins}, C. and {Fonseca De Souza}, S. and {Huertas Guativa}, L.\,M. and Malbouisson, H. and {Matos Figueiredo}, D. and Mundim, L. and Nogima, H. and {Prado Da Silva}, W.\,L. and Santoro, A. and Sznajder, A. and {Tonelli Manganote}, E.\,J. and {Vilela Pereira}, A. and Ahuja, S. and Bernardes, C.\,A. and {De Souza Santos}, A. and Dogra, S. and Tomei, T.\,R. Fernandez Perez and Gregores, E.\,M. and Mercadante, P.\,G. and Moon, C.\,S. and Novaes, S.\,F. and Padula, Sandra S. and {Romero Abad}, D. and {Ruiz Vargas}, J.\,C. and Aleksandrov, A. and Genchev, V. and Hadjiiska, R. and Iaydjiev, P. and Marinov, A. and Piperov, S. and Rodozov, M. and Stoykova, S. and Sultanov, G. and Vutova, M. and Dimitrov, A. and Glushkov, I. and Litov, L. and Pavlov, B. and Petkov, P. and Ahmad, M. and Bian, J.\,G. and Chen, G.\,M. and Chen, H.\,S. and Chen, M. and Cheng, T. and Du, R. and Jiang, C.\,H. and Plestina, R. and Romeo, F. and Shaheen, S.\,M. and Tao, J. and Wang, C. and Wang, Z. and Zhang, H. and Asawatangtrakuldee, C. and Ban, Y. and Chen, G. and Li, Q. and Liu, S. and Mao, Y. and Qian, S.\,J. and Wang, D. and Wang, M. and Wang, Q. and Xu, Z. and Yang, D. and Zhang, Z. and Zou, W. and Avila, C. and Cabrera, A. and {Chaparro Sierra}, L.\,F. and Florez, C. and Gomez, J.\,P. and {Gomez Moreno}, B. and Sanabria, J.\,C. and Godinovic, N. and Lelas, D. and Polic, D. and Puljak, I. and Antunovic, Z. and Kovac, M. and Brigljevic, V. and Kadija, K. and Luetic, J. and Sudic, L. and Attikis, A. and Mavromanolakis, G. and Mousa, J. and Nicolaou, C. and Ptochos, F. and Razis, P.\,A. and Rykaczewski, H. and Bodlak, M. and Finger, M. and Finger, M. and Ali, A. and Aly, R. and Aly, S. and Assran, Y. and {Ellithi Kamel}, A. and Lotfy, A. and Mahmoud, M.\,A. and Masod, R. and Radi, A. and Calpas, B. and Kadastik, M. and Murumaa, M. and Raidal, M. and Tiko, A. and Veelken, C. and Eerola, P. and Pekkanen, J. and Voutilainen, M. and H{\"a}rk{\"o}nen, J. and Karim{\"a}ki, V. and Kinnunen, R. and Lamp{\'e}n, T. and Lassila-Perini, K. and Lehti, S. and Lind{\'e}n, T. and Luukka, P. and M{\"a}enp{\"a}{\"a}, T. and Peltola, T. and Tuominen, E. and Tuominiemi, J. and Tuovinen, E. and Wendland, L. and Talvitie, J. and Tuuva, T. and Besancon, M. and Couderc, F. and Dejardin, M. and Denegri, D. and Fabbro, B. and Faure, J.\,L. and Favaro, C. and Ferri, F. and Ganjour, S. and Givernaud, A. and Gras, P. and {Hamel de Monchenault}, G. and Jarry, P. and Locci, E. and Machet, M. and Malcles, J. and Rander, J. and Rosowsky, A. and Titov, M. and Zghiche, A. and Baffioni, S. and Beaudette, F. and Busson, P. and Cadamuro, L. and Chapon, E. and Charlot, C. and Dahms, T. and Davignon, O. and Filipovic, N. and Florent, A. and {Granier de Cassagnac}, R. and Lisniak, S. and Mastrolorenzo, L. and Min{\'e}, P. and Naranjo, I.\,N. and Nguyen, M. and Ochando, C. and Ortona, G. and Paganini, P. and Regnard, S. and Salerno, R. and Sauvan, J.\,B. and Sirois, Y. and Strebler, T. and Yilmaz, Y. and Zabi, A. and Agram, J.-L. and Andrea, J. and Aubin, A. and Bloch, D. and Brom, J.-M. and Buttignol, M. and Chabert, E.\,C. and Chanon, N. and Collard, C. and Conte, E. and Fontaine, J.-C. and Gel{\'e}, D. and Goerlach, U. and Goetzmann, C. and {Le Bihan}, A.-C. and Merlin, J.\,A. and Skovpen, K. and {Van Hove}, P. and Gadrat, S. and Beauceron, S. and Bernet, C. and Boudoul, G. and Bouvier, E. and Brochet, S. and {Carrillo Montoya}, C.\,A. and Chasserat, J. and Chierici, R. and Contardo, D. and Courbon, B. and Depasse, P. and {El Mamouni}, H. and Fan, J. and Fay, J. and Gascon, S. and Gouzevitch, M. and Ille, B. and Laktineh, I.\,B. and Lethuillier, M. and Mirabito, L. and Pequegnot, A.\,L. and Perries, S. and {Ruiz Alvarez}, J.\,D. and Sabes, D. and Sgandurra, L. and Sordini, V. and {Vander Donckt}, M. and Verdier, P. and Viret, S. and Xiao, H. and Tsamalaidze, Z. and Autermann, C. and Beranek, S. and Bontenackels, M. and Edelhoff, M. and Feld, L. and Heister, A. and Kiesel, M.\,K. and Klein, K. and Lipinski, M. and Ostapchuk, A. and Preuten, M. and Raupach, F. and Sammet, J. and Schael, S. and Schulte, J.\,F. and Verlage, T. and Weber, H. and Wittmer, B. and Zhukov, V. and Ata, M. and Brodski, M. and Dietz-Laursonn, E. and Duchardt, D. and Endres, M. and Erdmann, M. and Erdweg, S. and Esch, T. and Fischer, R. and G{\"u}th, A. and Hebbeker, T. and Heidemann, C. and Hoepfner, K. and Klingebiel, D. and Knutzen, S. and Kreuzer, P. and Merschmeyer, M. and Meyer, A. and Millet, P. and Olschewski, M. and Padeken, K. and Papacz, P. and Pook, T. and Radziej, M. and Reithler, H. and Rieger, M. and Scheuch, F. and Sonnenschein, L. and Teyssier, D. and Th{\"u}er, S. and Cherepanov, V. and Erdogan, Y. and Fl{\"u}gge, G. and Geenen, H. and Geisler, M. and {Haj Ahmad}, W. and Hoehle, F. and Kargoll, B. and Kress, T. and Kuessel, Y. and K{\"u}nsken, A. and Lingemann, J. and Nehrkorn, A. and Nowack, A. and Nugent, I.\,M. and Pistone, C. and Pooth, O. and Stahl, A. and {Aldaya Martin}, M. and Asin, I. and Bartosik, N. and Behnke, O. and Behrens, U. and Bell, A.\,J. and Borras, K. and Burgmeier, A. and Cakir, A. and Calligaris, L. and Campbell, A. and Choudhury, S. and Costanza, F. and {Diez Pardos}, C. and Dolinska, G. and Dooling, S. and Dorland, T. and Eckerlin, G. and Eckstein, D. and Eichhorn, T. and Flucke, G. and Gallo, E. and {Garay Garcia}, J. and Geiser, A. and Gizhko, A. and Gunnellini, P. and Hauk, J. and Hempel, M. and Jung, H. and Kalogeropoulos, A. and Karacheban, O. and Kasemann, M. and Katsas, P. and Kieseler, J. and Kleinwort, C. and Korol, I. and Lange, W. and Leonard, J. and Lipka, K. and Lobanov, A. and Lohmann, W. and Mankel, R. and Marfin, I. and Melzer-Pellmann, I.-A. and Meyer, A.\,B. and Mittag, G. and Mnich, J. and Mussgiller, A. and Naumann-Emme, S. and Nayak, A. and Ntomari, E. and Perrey, H. and Pitzl, D. and Placakyte, R. and Raspereza, A. and {Ribeiro Cipriano}, P.\,M. and Roland, B. and Sahin, M. {\"O}. and Salfeld-Nebgen, J. and Saxena, P. and Schoerner-Sadenius, T. and Schr{\"o}der, M. and Seitz, C. and Spannagel, S. and Trippkewitz, K.\,D. and Wissing, C. and Blobel, V. and {Centis Vignali}, M. and Draeger, A.\,R. and Erfle, J. and Garutti, E. and Goebel, K. and Gonzalez, D. and G{\"o}rner, M. and Haller, J. and Hoffmann, M. and H{\"o}ing, R.\,S. and Junkes, A. and Klanner, R. and Kogler, R. and Lapsien, T. and Lenz, T. and Marchesini, I. and Marconi, D. and Nowatschin, D. and Ott, J. and Pantaleo, F. and Peiffer, T. and Perieanu, A. and Pietsch, N. and Poehlsen, J. and Rathjens, D. and Sander, C. and Schettler, H. and Schleper, P. and Schlieckau, E. and Schmidt, A. and Schwandt, J. and Seidel, M. and Sola, V. and Stadie, H. and Steinbr{\"u}ck, G. and Tholen, H. and Troendle, D. and Usai, E. and Vanelderen, L. and Vanhoefer, A. and Akbiyik, M. and Amstutz, C. and Barth, C. and Baus, C. and Berger, J. and Beskidt, C. and B{\"o}ser, C. and Butz, E. and Caspart, R. and Chwalek, T. and Colombo, F. and {De Boer}, W. and Descroix, A. and Dierlamm, A. and Eber, R. and Feindt, M. and Fink, S. and Fischer, M. and Frensch, F. and Freund, B. and Friese, R. and Funke, D. and Giffels, M. and Gilbert, A. and Haitz, D. and Harbaum, T. and Harrendorf, M.\,A. and Hartmann, F. and Husemann, U. and Kassel, F. and Katkov, I. and Kornmayer, A. and Kudella, S. and {Lobelle Pardo}, P. and Maier, B. and Mildner, H. and Mozer, M.\,U. and M{\"u}ller, T. and M{\"u}ller, Th. and Plagge, M. and Printz, M. and Quast, G. and Rabbertz, K. and R{\"o}cker, S. and Roscher, F. and Shvetsov, I. and Sieber, G. and Simonis, H.\,J. and Stober, F.\,M. and Ulrich, R. and Wagner-Kuhr, J. and Wayand, S. and Weiler, T. and Williamson, S. and W{\"o}hrmann, C. and Wolf, R. and Anagnostou, G. and Daskalakis, G. and Geralis, T. and Giakoumopoulou, V.\,A. and Kyriakis, A. and Loukas, D. and Markou, A. and Psallidas, A. and Topsis-Giotis, I. and Agapitos, A. and Kesisoglou, S. and Panagiotou, A. and Saoulidou, N. and Tziaferi, E. and Evangelou, I. and Flouris, G. and Foudas, C. and Kokkas, P. and Loukas, N. and Manthos, N. and Papadopoulos, I. and Paradas, E. and Strologas, J. and Bencze, G. and Hajdu, C. and Hazi, A. and Hidas, P. and Horvath, D. and Sikler, F. and Veszpremi, V. and Vesztergombi, G. and Zsigmond, A.\,J. and Beni, N. and Czellar, S. and Karancsi, J. and Molnar, J. and Szillasi, Z. and Bart{\'o}k, M. and Makovec, A. and Raics, P. and Trocsanyi, Z.\,L. and Ujvari, B. and Mal, P. and Mandal, K. and Sahoo, N. and Swain, S.\,K. and Bansal, S. and Beri, S.\,B. and Bhatnagar, V. and Chawla, R. and Gupta, R. and Bhawandeep, U. and Kalsi, A.\,K. and Kaur, A. and Kaur, M. and Kumar, R. and Mehta, A. and Mittal, M. and Nishu, N. and Singh, J.\,B. and Walia, G. and Kumar, Ashok and Kumar, Arun and Bhardwaj, A. and Choudhary, B.\,C. and Garg, R.\,B. and Kumar, A. and Malhotra, S. and Naimuddin, M. and Ranjan, K. and Sharma, R. and Sharma, V. and Banerjee, S. and Bhattacharya, S. and Chatterjee, K. and Dey, S. and Dutta, S. and Jain, Sa. and Jain, Sh. and Khurana, R. and Majumdar, N. and Modak, A. and Mondal, K. and Mukherjee, S. and Mukhopadhyay, S. and Roy, A. and Roy, D. and {Roy Chowdhury}, S. and Sarkar, S. and Sharan, M. and Abdulsalam, A. and Chudasama, R. and Dutta, D. and Jha, V. and Kumar, V. and Mohanty, A.\,K. and Pant, L.\,M. and Shukla, P. and Topkar, A. and Aziz, T. and Banerjee, S. and Bhowmik, S. and Chatterjee, R.\,M. and Dewanjee, R.\,K. and Dugad, S. and Ganguly, S. and Ghosh, S. and Guchait, M. and Gurtu, A. and Kole, G. and Kumar, S. and Mahakud, B. and Maity, M. and Majumder, G. and Mazumdar, K. and Mitra, S. and Mohanty, G.\,B. and Parida, B. and Sarkar, T. and Sudhakar, K. and Sur, N. and Sutar, B. and Wickramage, N. and Sharma, S. and Bakhshiansohi, H. and Behnamian, H. and Etesami, S.\,M. and Fahim, A. and Goldouzian, R. and Khakzad, M. and {Mohammadi Najafabadi}, M. and Naseri, M. and {Paktinat Mehdiabadi}, S. and {Rezaei Hosseinabadi}, F. and Safarzadeh, B. and Zeinali, M. and Felcini, M. and Grunewald, M. and Abbrescia, M. and Calabria, C. and Caputo, C. and Chhibra, S.\,S. and Colaleo, A. and Creanza, D. and Cristella, L. and {De Filippis}, N. and {De Palma}, M. and Fiore, L. and Iaselli, G. and Maggi, G. and Maggi, M. and Miniello, G. and My, S. and Nuzzo, S. and Pompili, A. and Pugliese, G. and Radogna, R. and Ranieri, A. and Selvaggi, G. and Silvestris, L. and Venditti, R. and Verwilligen, P. and Abbiendi, G. and Battilana, C. and Benvenuti, A.\,C. and Bonacorsi, D. and Braibant-Giacomelli, S. and Brigliadori, L. and Campanini, R. and Capiluppi, P. and Castro, A. and Cavallo, F.\,R. and Codispoti, G. and Cuffiani, M. and Dallavalle, G.\,M. and Fabbri, F. and Fanfani, A. and Fasanella, D. and Giacomelli, P. and Grandi, C. and Guiducci, L. and Marcellini, S. and Masetti, G. and Montanari, A. and Navarria, F.\,L. and Perrotta, A. and Rossi, A.\,M. and Rovelli, T. and Siroli, G.\,P. and Tosi, N. and Travaglini, R. and Cappello, G. and Chiorboli, M. and Costa, S. and Giordano, F. and Potenza, R. and Tricomi, A. and Tuve, C. and Barbagli, G. and Ciulli, V. and Civinini, C. and D'Alessandro, R. and Focardi, E. and Gonzi, S. and Gori, V. and Lenzi, P. and Meschini, M. and Paoletti, S. and Sguazzoni, G. and Tropiano, A. and Viliani, L. and Benussi, L. and Bianco, S. and Fabbri, F. and Piccolo, D. and Calvelli, V. and Ferro, F. and {Lo Vetere}, M. and Robutti, E. and Tosi, S. and Dinardo, M.\,E. and Fiorendi, S. and Gennai, S. and Gerosa, R. and Ghezzi, A. and Govoni, P. and Malvezzi, S. and Manzoni, R.\,A. and Marzocchi, B. and Menasce, D. and Moroni, L. and Paganoni, M. and Pedrini, D. and Ragazzi, S. and Redaelli, N. and {Tabarelli de Fatis}, T. and Buontempo, S. and Cavallo, N. and {Di Guida}, S. and Esposito, M. and Fabozzi, F. and Iorio, A.\,O.\,M. and Lanza, G. and Lista, L. and Meola, S. and Merola, M. and Paolucci, P. and Sciacca, C. and Thyssen, F. and Azzi, P. and Bacchetta, N. and Bisello, D. and Branca, A. and Carlin, R. and {Carvalho Antunes De Oliveira}, A. and Checchia, P. and Dall'Osso, M. and Dorigo, T. and Dosselli, U. and Gasparini, F. and Gasparini, U. and Gozzelino, A. and Kanishchev, K. and Lacaprara, S. and Margoni, M. and Meneguzzo, A.\,T. and Pazzini, J. and Pozzobon, N. and Ronchese, P. and Simonetto, F. and Torassa, E. and Tosi, M. and Zanetti, M. and Zotto, P. and Zucchetta, A. and Zumerle, G. and Braghieri, A. and Gabusi, M. and Magnani, A. and Ratti, S.\,P. and Re, V. and Riccardi, C. and Salvini, P. and Vai, I. and Vitulo, P. and {Alunni Solestizi}, L. and Biasini, M. and Bilei, G.\,M. and Ciangottini, D. and Fan{\`o}, L. and Lariccia, P. and Mantovani, G. and Menichelli, M. and Saha, A. and Santocchia, A. and Spiezia, A. and Androsov, K. and Azzurri, P. and Bagliesi, G. and Bernardini, J. and Boccali, T. and Broccolo, G. and Castaldi, R. and Ciocci, M.\,A. and Dell'Orso, R. and Donato, S. and Fedi, G. and Fo{\`a}, L. and Giassi, A. and Grippo, M.\,T. and Ligabue, F. and Lomtadze, T. and Martini, L. and Messineo, A. and Palla, F. and Rizzi, A. and Savoy-Navarro, A. and Serban, A.\,T. and Spagnolo, P. and Squillacioti, P. and Tenchini, R. and Tonelli, G. and Venturi, A. and Verdini, P.\,G. and Barone, L. and Cavallari, F. and D'imperio, G. and {Del Re}, D. and Diemoz, M. and Gelli, S. and Jorda, C. and Longo, E. and Margaroli, F. and Meridiani, P. and Micheli, F. and Organtini, G. and Paramatti, R. and Preiato, F. and Rahatlou, S. and Rovelli, C. and Santanastasio, F. and Traczyk, P. and Amapane, N. and Arcidiacono, R. and Argiro, S. and Arneodo, M. and Bellan, R. and Biino, C. and Cartiglia, N. and Costa, M. and Covarelli, R. and Degano, A. and Demaria, N. and Finco, L. and Kiani, B. and Mariotti, C. and Maselli, S. and Migliore, E. and Monaco, V. and Monteil, E. and Musich, M. and Obertino, M.\,M. and Pacher, L. and Pastrone, N. and Pelliccioni, M. and {Pinna Angioni}, G.\,L. and Ravera, F. and Romero, A. and Ruspa, M. and Sacchi, R. and Solano, A. and Staiano, A. and Tamponi, U. and Belforte, S. and Candelise, V. and Casarsa, M. and Cossutti, F. and {Della Ricca}, G. and Gobbo, B. and {La Licata}, C. and Marone, M. and Schizzi, A. and Umer, T. and Zanetti, A. and Chang, S. and Kropivnitskaya, A. and Nam, S.\,K. and Kim, D.\,H. and Kim, G.\,N. and Kim, M.\,S. and Kong, D.\,J. and Lee, S. and Oh, Y.\,D. and Sakharov, A. and Son, D.\,C. and {Brochero Cifuentes}, J.\,A. and Kim, H. and Kim, T.\,J. and Ryu, M.\,S. and Song, S. and Choi, S. and Go, Y. and Gyun, D. and Hong, B. and Jo, M. and Kim, H. and Kim, Y. and Lee, B. and Lee, K. and Lee, K.\,S. and Lee, S. and Park, S.\,K. and Roh, Y. and Yoo, H.\,D. and Choi, M. and Kim, J.\,H. and Lee, J.\,S.\,H. and Park, I.\,C. and Ryu, G. and Choi, Y. and Choi, Y.\,K. and Goh, J. and Kim, D. and Kwon, E. and Lee, J. and Yu, I. and Juodagalvis, A. and Vaitkus, J. and Ibrahim, Z.\,A. and Komaragiri, J.\,R. and {Md Ali}, M.\,A.\,B. and {Mohamad Idris}, F. and {Wan Abdullah}, W.\,A.\,T. and {Casimiro Linares}, E. and Castilla-Valdez, H. and {De La Cruz-Burelo}, E. and {Heredia-de La Cruz}, I. and Hernandez-Almada, A. and Lopez-Fernandez, R. and Sanchez-Hernandez, A. and {Carrillo Moreno}, S. and {Vazquez Valencia}, F. and Carpinteyro, S. and Pedraza, I. and {Salazar Ibarguen}, H.\,A. and {Morelos Pineda}, A. and Krofcheck, D. and Butler, P.\,H. and Reucroft, S. and Ahmad, A. and Ahmad, M. and Hassan, Q. and Hoorani, H.\,R. and Khan, W.\,A. and Khurshid, T. and Shoaib, M. and Bialkowska, H. and Bluj, M. and Boimska, B. and Frueboes, T. and G{\'o}rski, M. and Kazana, M. and Nawrocki, K. and Romanowska-Rybinska, K. and Szleper, M. and Zalewski, P. and Brona, G. and Bunkowski, K. and Doroba, K. and Kalinowski, A. and Konecki, M. and Krolikowski, J. and Misiura, M. and Olszewski, M. and Walczak, M. and Bargassa, P. and {Beir{\~a}o Da Cruz E Silva}, C. and {Di Francesco}, A. and Faccioli, P. and {Ferreira Parracho}, P.\,G. and Gallinaro, M. and {Lloret Iglesias}, L. and Nguyen, F. and {Rodrigues Antunes}, J. and Seixas, J. and Toldaiev, O. and Vadruccio, D. and Varela, J. and Vischia, P. and Afanasiev, S. and Bunin, P. and Gavrilenko, M. and Golutvin, I. and Gorbunov, I. and Kamenev, A. and Karjavin, V. and Konoplyanikov, V. and Lanev, A. and Malakhov, A. and Matveev, V. and Moisenz, P. and Palichik, V. and Perelygin, V. and Shmatov, S. and Shulha, S. and Skatchkov, N. and Smirnov, V. and Toriashvili, T. and Zarubin, A. and Golovtsov, V. and Ivanov, Y. and Kim, V. and Kuznetsova, E. and Levchenko, P. and Murzin, V. and Oreshkin, V. and Smirnov, I. and Sulimov, V. and Uvarov, L. and Vavilov, S. and Vorobyev, A. and Andreev, Yu. and Dermenev, A. and Gninenko, S. and Golubev, N. and Karneyeu, A. and Kirsanov, M. and Krasnikov, N. and Pashenkov, A. and Tlisov, D. and Toropin, A. and Epshteyn, V. and Gavrilov, V. and Lychkovskaya, N. and Popov, V. and Pozdnyakov, I. and Safronov, G. and Spiridonov, A. and Vlasov, E. and Zhokin, A. and Andreev, V. and Azarkin, M. and Dremin, I. and Kirakosyan, M. and Leonidov, A. and Mesyats, G. and Rusakov, S.\,V. and Vinogradov, A. and Baskakov, A. and Belyaev, A. and Boos, E. and Bunichev, V. and Dubinin, M. and Dudko, L. and Ershov, A. and Gribushin, A. and Klyukhin, V. and Kodolova, O. and Lokhtin, I. and Myagkov, I. and Obraztsov, S. and Petrushanko, S. and Savrin, V. and Azhgirey, I. and Bayshev, I. and Bitioukov, S. and Kachanov, V. and Kalinin, A. and Konstantinov, D. and Krychkine, V. and Petrov, V. and Ryutin, R. and Sobol, A. and Tourtchanovitch, L. and Troshin, S. and Tyurin, N. and Uzunian, A. and Volkov, A. and Adzic, P. and Ekmedzic, M. and Milosevic, J. and Rekovic, V. and {Alcaraz Maestre}, J. and Calvo, E. and Cerrada, M. and {Chamizo Llatas}, M. and Colino, N. and {De La Cruz}, B. and {Delgado Peris}, A. and {Dom{\'\i}nguez V{\'a}zquez}, D. and {Escalante Del Valle}, A. and {Fernandez Bedoya}, C. and {Fern{\'a}ndez Ramos}, J.\,P. and Flix, J. and Fouz, M.\,C. and Garcia-Abia, P. and {Gonzalez Lopez}, O. and {Goy Lopez}, S. and Hernandez, J.\,M. and Josa, M.\,I. and {Navarro De Martino}, E. and {P{\'e}rez-Calero Yzquierdo}, A. and {Puerta Pelayo}, J. and {Quintario Olmeda}, A. and Redondo, I. and Romero, L. and Soares, M.\,S. and Albajar, C. and {de Troc{\'o}niz}, J.\,F. and Missiroli, M. and Moran, D. and Brun, H. and Cuevas, J. and {Fernandez Menendez}, J. and Folgueras, S. and {Gonzalez Caballero}, I. and {Palencia Cortezon}, E. and {Vizan Garcia}, J.\,M. and Cabrillo, I.\,J. and Calderon, A. and {Casti{\~n}eiras De Saa}, J.\,R. and {Duarte Campderros}, J. and Fernandez, M. and Gomez, G. and Graziano, A. and {Lopez Virto}, A. and Marco, J. and Marco, R. and {Martinez Rivero}, C. and Matorras, F. and {Munoz Sanchez}, F.\,J. and {Piedra Gomez}, J. and Rodrigo, T. and Rodr{\'\i}guez-Marrero, A.\,Y. and Ruiz-Jimeno, A. and Scodellaro, L. and Vila, I. and {Vilar Cortabitarte}, R. and Abbaneo, D. and Auffray, E. and Auzinger, G. and Bachtis, M. and Baillon, P. and Ball, A.\,H. and Barney, D. and Benaglia, A. and Bendavid, J. and Benhabib, L. and Benitez, J.\,F. and Berruti, G.\,M. and Bloch, P. and Bocci, A. and Bonato, A. and Botta, C. and Breuker, H. and Camporesi, T. and Cerminara, G. and Colafranceschi, S. and D'Alfonso, M. and d'Enterria, D. and Dabrowski, A. and Daponte, V. and David, A. and {De Gruttola}, M. and {De Guio}, F. and {De Roeck}, A. and {De Visscher}, S. and {Di Marco}, E. and Dobson, M. and Dordevic, M. and {du Pree}, T. and Dupont-Sagorin, N. and Elliott-Peisert, A. and Franzoni, G. and Funk, W. and Gigi, D. and Gill, K. and Giordano, D. and Girone, M. and Glege, F. and Guida, R. and Gundacker, S. and Guthoff, M. and Hammer, J. and Hansen, M. and Harris, P. and Hegeman, J. and Innocente, V. and Janot, P. and Kirschenmann, H. and Kortelainen, M.\,J. and Kousouris, K. and Krajczar, K. and Lecoq, P. and Louren{\c c}o, C. and Lucchini, M.\,T. and Magini, N. and Malgeri, L. and Mannelli, M. and Marrouche, J. and Martelli, A. and Masetti, L. and Meijers, F. and Mersi, S. and Meschi, E. and Moortgat, F. and Morovic, S. and Mulders, M. and Nemallapudi, M.\,V. and Neugebauer, H. and Orfanelli, S. and Orsini, L. and Pape, L. and Perez, E. and Petrilli, A. and Petrucciani, G. and Pfeiffer, A. and Piparo, D. and Racz, A. and Rolandi, G. and Rovere, M. and Ruan, M. and Sakulin, H. and Sch{\"a}fer, C. and Schwick, C. and Sharma, A. and Silva, P. and Simon, M. and Sphicas, P. and Spiga, D. and Steggemann, J. and Stieger, B. and Stoye, M. and Takahashi, Y. and Treille, D. and Tsirou, A. and Veres, G.\,I. and Wardle, N. and W{\"o}hri, H.\,K. and Zagozdzinska, A. and Zeuner, W.\,D. and Bertl, W. and Deiters, K. and Erdmann, W. and Horisberger, R. and Ingram, Q. and Kaestli, H.\,C. and Kotlinski, D. and Langenegger, U. and Rohe, T. and Bachmair, F. and B{\"a}ni, L. and Bianchini, L. and Buchmann, M.\,A. and Casal, B. and Dissertori, G. and Dittmar, M. and Doneg{\`a}, M. and D{\"u}nser, M. and Eller, P. and Grab, C. and Heidegger, C. and Hits, D. and Hoss, J. and Kasieczka, G. and Lustermann, W. and Mangano, B. and Marini, A.\,C. and Marionneau, M. and {Martinez Ruiz del Arbol}, P. and Masciovecchio, M. and Meister, D. and Musella, P. and Nessi-Tedaldi, F. and Pandolfi, F. and Pata, J. and Pauss, F. and Perrozzi, L. and Peruzzi, M. and Quittnat, M. and Rossini, M. and Starodumov, A. and Takahashi, M. and Tavolaro, V.\,R. and Theofilatos, K. and Wallny, R. and Weber, H.\,A. and Aarrestad, T.\,K. and Amsler, C. and Canelli, M.\,F. and Chiochia, V. and {De Cosa}, A. and Galloni, C. and Hinzmann, A. and Hreus, T. and Kilminster, B. and Lange, C. and Ngadiuba, J. and Pinna, D. and Robmann, P. and Ronga, F.\,J. and Salerno, D. and Taroni, S. and Yang, Y. and Cardaci, M. and Chen, K.\,H. and Doan, T.\,H. and Ferro, C. and Konyushikhin, M. and Kuo, C.\,M. and Lin, W. and Lu, Y.\,J. and Volpe, R. and Yu, S.\,S. and Chang, P. and Chang, Y.\,H. and Chang, Y.\,W. and Chao, Y. and Chen, K.\,F. and Chen, P.\,H. and Dietz, C. and Fiori, F. and Grundler, U. and Hou, W.-S. and Hsiung, Y. and Liu, Y.\,F. and Lu, R.-S. and {Mi{\~n}ano Moya}, M. and Petrakou, E. and Tsai, J.\,f. and Tzeng, Y.\,M. and Wilken, R. and Asavapibhop, B. and Kovitanggoon, K. and Singh, G. and Srimanobhas, N. and Suwonjandee, N. and Adiguzel, A. and Cerci, S. and Dozen, C. and Girgis, S. and Gokbulut, G. and Guler, Y. and Gurpinar, E. and Hos, I. and Kangal, E.\,E. and {Kayis Topaksu}, A. and Onengut, G. and Ozdemir, K. and Ozturk, S. and Tali, B. and Topakli, H. and Vergili, M. and Zorbilmez, C. and Akin, I.\,V. and Bilin, B. and Bilmis, S. and Isildak, B. and Karapinar, G. and Surat, U.\,E. and Yalvac, M. and Zeyrek, M. and Albayrak, E.\,A. and G{\"u}lmez, E. and Kaya, M. and Kaya, O. and Yetkin, T. and Cankocak, K. and Sen, S. and Vardarl\i{}, F.\,I. and Grynyov, B. and Levchuk, L. and Sorokin, P. and Aggleton, R. and Ball, F. and Beck, L. and Brooke, J.\,J. and Clement, E. and Cussans, D. and Flacher, H. and Goldstein, J. and Grimes, M. and Heath, G.\,P. and Heath, H.\,F. and Jacob, J. and Kreczko, L. and Lucas, C. and Meng, Z. and Newbold, D.\,M. and Paramesvaran, S. and Poll, A. and Sakuma, T. and {Seif El Nasr-storey}, S. and Senkin, S. and Smith, D. and Smith, V.\,J. and Bell, K.\,W. and Belyaev, A. and Brew, C. and Brown, R.\,M. and Cockerill, D.\,J.\,A. and Coughlan, J.\,A. and Harder, K. and Harper, S. and Olaiya, E. and Petyt, D. and Shepherd-Themistocleous, C.\,H. and Thea, A. and Tomalin, I.\,R. and Williams, T. and Womersley, W.\,J. and Worm, S.\,D. and Baber, M. and Bainbridge, R. and Buchmuller, O. and Bundock, A. and Burton, D. and Casasso, S. and Citron, M. and Colling, D. and Corpe, L. and Cripps, N. and Dauncey, P. and Davies, G. and {De Wit}, A. and {Della Negra}, M. and Dunne, P. and Elwood, A. and Ferguson, W. and Fulcher, J. and Futyan, D. and Hall, G. and Iles, G. and Karapostoli, G. and Kenzie, M. and Lane, R. and Lucas, R. and Lyons, L. and Magnan, A.-M. and Malik, S. and Nash, J. and Nikitenko, A. and Pela, J. and Pesaresi, M. and Petridis, K. and Raymond, D.\,M. and Richards, A. and Rose, A. and Seez, C. and Sharp, P. and Tapper, A. and Uchida, K. and {Vazquez Acosta}, M. and Virdee, T. and Zenz, S.\,C. and Cole, J.\,E. and Hobson, P.\,R. and Khan, A. and Kyberd, P. and Leggat, D. and Leslie, D. and Reid, I.\,D. and Symonds, P. and Teodorescu, L. and Turner, M. and Borzou, A. and Dittmann, J. and Hatakeyama, K. and Kasmi, A. and Liu, H. and Pastika, N. and Charaf, O. and Cooper, S.\,I. and Henderson, C. and Rumerio, P. and Avetisyan, A. and Bose, T. and Fantasia, C. and Gastler, D. and Lawson, P. and Rankin, D. and Richardson, C. and Rohlf, J. and {St. John}, J. and Sulak, L. and Zou, D. and Alimena, J. and Berry, E. and Bhattacharya, S. and Cutts, D. and Dhingra, N. and Ferapontov, A. and Garabedian, A. and Heintz, U. and Laird, E. and Landsberg, G. and Mao, Z. and Narain, M. and Sagir, S. and Sinthuprasith, T. and Breedon, R. and Breto, G. and {Calderon De La Barca Sanchez}, M. and Chauhan, S. and Chertok, M. and Conway, J. and Conway, R. and Cox, P.\,T. and Erbacher, R. and Gardner, M. and Ko, W. and Lander, R. and Mulhearn, M. and Pellett, D. and Pilot, J. and Ricci-Tam, F. and Shalhout, S. and Smith, J. and Squires, M. and Stolp, D. and Tripathi, M. and Wilbur, S. and Yohay, R. and Cousins, R. and Everaerts, P. and Farrell, C. and Hauser, J. and Ignatenko, M. and Rakness, G. and Saltzberg, D. and Takasugi, E. and Valuev, V. and Weber, M. and Burt, K. and Clare, R. and Ellison, J. and Gary, J.\,W. and Hanson, G. and Heilman, J. and {Ivova Rikova}, M. and Jandir, P. and Kennedy, E. and Lacroix, F. and Long, O.\,R. and Luthra, A. and Malberti, M. and {Olmedo Negrete}, M. and Shrinivas, A. and Sumowidagdo, S. and Wei, H. and Wimpenny, S. and Branson, J.\,G. and Cerati, G.\,B. and Cittolin, S. and D'Agnolo, R.\,T. and Holzner, A. and Kelley, R. and Klein, D. and Letts, J. and Macneill, I. and Olivito, D. and Padhi, S. and Pieri, M. and Sani, M. and Sharma, V. and Simon, S. and Tadel, M. and Tu, Y. and Vartak, A. and Wasserbaech, S. and Welke, C. and W{\"u}rthwein, F. and Yagil, A. and {Zevi Della Porta}, G. and Barge, D. and Bradmiller-Feld, J. and Campagnari, C. and Dishaw, A. and Dutta, V. and Flowers, K. and {Franco Sevilla}, M. and Geffert, P. and George, C. and Golf, F. and Gouskos, L. and Gran, J. and Incandela, J. and Justus, C. and Mccoll, N. and Mullin, S.\,D. and Richman, J. and Stuart, D. and Suarez, I. and To, W. and West, C. and Yoo, J. and Anderson, D. and Apresyan, A. and Bornheim, A. and Bunn, J. and Chen, Y. and Duarte, J. and Mott, A. and Newman, H.\,B. and Pena, C. and Pierini, M. and Spiropulu, M. and Vlimant, J.\,R. and Xie, S. and Zhu, R.\,Y. and Azzolini, V. and Calamba, A. and Carlson, B. and Ferguson, T. and Iiyama, Y. and Paulini, M. and Russ, J. and Sun, M. and Vogel, H. and Vorobiev, I. and Cumalat, J.\,P. and Ford, W.\,T. and Gaz, A. and Jensen, F. and Johnson, A. and Krohn, M. and Mulholland, T. and Nauenberg, U. and Smith, J.\,G. and Stenson, K. and Wagner, S.\,R. and Alexander, J. and Chatterjee, A. and Chaves, J. and Chu, J. and Dittmer, S. and Eggert, N. and Mirman, N. and {Nicolas Kaufman}, G. and Patterson, J.\,R. and Rinkevicius, A. and Ryd, A. and Skinnari, L. and Soffi, L. and Sun, W. and Tan, S.\,M. and Teo, W.\,D. and Thom, J. and Thompson, J. and Tucker, J. and Weng, Y. and Wittich, P. and Abdullin, S. and Albrow, M. and Anderson, J. and Apollinari, G. and Bauerdick, L.\,A.\,T. and Beretvas, A. and Berryhill, J. and Bhat, P.\,C. and Bolla, G. and Burkett, K. and Butler, J.\,N. and Cheung, H.\,W.\,K. and Chlebana, F. and Cihangir, S. and Elvira, V.\,D. and Fisk, I. and Freeman, J. and Gottschalk, E. and Gray, L. and Green, D. and Gr{\"u}nendahl, S. and Gutsche, O. and Hanlon, J. and Hare, D. and Harris, R.\,M. and Hirschauer, J. and Hooberman, B. and Hu, Z. and Jindariani, S. and Johnson, M. and Joshi, U. and Jung, A.\,W. and Klima, B. and Kreis, B. and Kwan, S. and Lammel, S. and Linacre, J. and Lincoln, D. and Lipton, R. and Liu, T. and {Lopes De S{\'a}}, R. and Lykken, J. and Maeshima, K. and Marraffino, J.\,M. and {Martinez Outschoorn}, V.\,I. and Maruyama, S. and Mason, D. and McBride, P. and Merkel, P. and Mishra, K. and Mrenna, S. and Nahn, S. and Newman-Holmes, C. and O'Dell, V. and Prokofyev, O. and Sexton-Kennedy, E. and Soha, A. and Spalding, W.\,J. and Spiegel, L. and Taylor, L. and Tkaczyk, S. and Tran, N.\,V. and Uplegger, L. and Vaandering, E.\,W. and Vernieri, C. and Verzocchi, M. and Vidal, R. and Whitbeck, A. and Yang, F. and Yin, H. and Acosta, D. and Avery, P. and Bortignon, P. and Bourilkov, D. and Carnes, A. and Carver, M. and Curry, D. and Das, S. and {Di Giovanni}, G.\,P. and Field, R.\,D. and Fisher, M. and Furic, I.\,K. and Hugon, J. and Konigsberg, J. and Korytov, A. and Low, J.\,F. and Ma, P. and Matchev, K. and Mei, H. and Milenovic, P. and Mitselmakher, G. and Muniz, L. and Rank, D. and Shchutska, L. and Snowball, M. and Sperka, D. and Wang, S.\,j. and Yelton, J. and Hewamanage, S. and Linn, S. and Markowitz, P. and Martinez, G. and Rodriguez, J.\,L. and Ackert, A. and Adams, J.\,R. and Adams, T. and Askew, A. and Bochenek, J. and Diamond, B. and Haas, J. and Hagopian, S. and Hagopian, V. and Johnson, K.\,F. and Khatiwada, A. and Prosper, H. and Veeraraghavan, V. and Weinberg, M. and Bhopatkar, V. and Hohlmann, M. and Kalakhety, H. and Mareskas-palcek, D. and Roy, T. and Yumiceva, F. and Adams, M.\,R. and Apanasevich, L. and Berry, D. and Betts, R.\,R. and Bucinskaite, I. and Cavanaugh, R. and Evdokimov, O. and Gauthier, L. and Gerber, C.\,E. and Hofman, D.\,J. and Kurt, P. and O'Brien, C. and {Sandoval Gonzalez}, I.\,D. and Silkworth, C. and Turner, P. and Varelas, N. and Wu, Z. and Zakaria, M. and Bilki, B. and Clarida, W. and Dilsiz, K. and Durgut, S. and Gandrajula, R.\,P. and Haytmyradov, M. and Khristenko, V. and Merlo, J.-P. and Mermerkaya, H. and Mestvirishvili, A. and Moeller, A. and Nachtman, J. and Ogul, H. and Onel, Y. and Ozok, F. and Penzo, A. and Snyder, C. and Tan, P. and Tiras, E. and Wetzel, J. and Yi, K. and Anderson, I. and Barnett, B.\,A. and Blumenfeld, B. and Fehling, D. and Feng, L. and Gritsan, A.\,V. and Maksimovic, P. and Martin, C. and Nash, K. and Osherson, M. and Swartz, M. and Xiao, M. and Xin, Y. and Baringer, P. and Bean, A. and Benelli, G. and Bruner, C. and Gray, J. and Kenny, R.\,P. and Majumder, D. and Malek, M. and Murray, M. and Noonan, D. and Sanders, S. and Stringer, R. and Wang, Q. and Wood, J.\,S. and Chakaberia, I. and Ivanov, A. and Kaadze, K. and Khalil, S. and Makouski, M. and Maravin, Y. and Saini, L.\,K. and Skhirtladze, N. and Svintradze, I. and Toda, S. and Lange, D. and Rebassoo, F. and Wright, D. and Anelli, C. and Baden, A. and Baron, O. and Belloni, A. and Calvert, B. and Eno, S.\,C. and Ferraioli, C. and Gomez, J.\,A. and Hadley, N.\,J. and Jabeen, S. and Kellogg, R.\,G. and Kolberg, T. and Kunkle, J. and Lu, Y. and Mignerey, A.\,C. and Pedro, K. and Shin, Y.\,H. and Skuja, A. and Tonjes, M.\,B. and Tonwar, S.\,C. and Apyan, A. and Barbieri, R. and Baty, A. and Bierwagen, K. and Brandt, S. and Busza, W. and Cali, I.\,A. and {Di Matteo}, L. and {Gomez Ceballos}, G. and Goncharov, M. and Gulhan, D. and Innocenti, G.\,M. and Klute, M. and Kovalskyi, D. and Lai, Y.\,S. and Lee, Y.-J. and Levin, A. and Luckey, P.\,D. and Mcginn, C. and Niu, X. and Paus, C. and Ralph, D. and Roland, C. and Roland, G. and Stephans, G.\,S.\,F. and Sumorok, K. and Varma, M. and Velicanu, D. and Veverka, J. and Wang, J. and Wang, T.\,W. and Wyslouch, B. and Yang, M. and Zhukova, V. and Dahmes, B. and Finkel, A. and Gude, A. and Hansen, P. and Kalafut, S. and Kao, S.\,C. and Klapoetke, K. and Kubota, Y. and Lesko, Z. and Mans, J. and Nourbakhsh, S. and Ruckstuhl, N. and Rusack, R. and Tambe, N. and Turkewitz, J. and Acosta, J.\,G. and Oliveros, S. and Avdeeva, E. and Bloom, K. and Bose, S. and Claes, D.\,R. and Dominguez, A. and Fangmeier, C. and {Gonzalez Suarez}, R. and Kamalieddin, R. and Keller, J. and Knowlton, D. and Kravchenko, I. and Lazo-Flores, J. and Meier, F. and Monroy, J. and Ratnikov, F. and Siado, J.\,E. and Snow, G.\,R. and Alyari, M. and Dolen, J. and George, J. and Godshalk, A. and Iashvili, I. and Kaisen, J. and Kharchilava, A. and Kumar, A. and Rappoccio, S. and Alverson, G. and Barberis, E. and Baumgartel, D. and Chasco, M. and Hortiangtham, A. and Massironi, A. and Morse, D.\,M. and Nash, D. and Orimoto, T. and {Teixeira De Lima}, R. and Trocino, D. and Wang, R.-J. and Wood, D. and Zhang, J. and Hahn, K.\,A. and Kubik, A. and Mucia, N. and Odell, N. and Pollack, B. and Pozdnyakov, A. and Schmitt, M. and Stoynev, S. and Sung, K. and Trovato, M. and Velasco, M. and Won, S. and Brinkerhoff, A. and Dev, N. and Hildreth, M. and Jessop, C. and Karmgard, D.\,J. and Kellams, N. and Lannon, K. and Lynch, S. and Marinelli, N. and Meng, F. and Mueller, C. and Musienko, Y. and Pearson, T. and Planer, M. and Ruchti, R. and Smith, G. and Valls, N. and Wayne, M. and Wolf, M. and Woodard, A. and Antonelli, L. and Brinson, J. and Bylsma, B. and Durkin, L.\,S. and Flowers, S. and Hart, A. and Hill, C. and Hughes, R. and Kotov, K. and Ling, T.\,Y. and Liu, B. and Luo, W. and Puigh, D. and Rodenburg, M. and Winer, B.\,L. and Wulsin, H.\,W. and Driga, O. and Elmer, P. and Hardenbrook, J. and Hebda, P. and Koay, S.\,A. and Lujan, P. and Marlow, D. and Medvedeva, T. and Mooney, M. and Olsen, J. and Palmer, C. and Pirou{\'e}, P. and Quan, X. and Saka, H. and Stickland, D. and Tully, C. and Werner, J.\,S. and Zuranski, A. and Barnes, V.\,E. and Benedetti, D. and Bortoletto, D. and Gutay, L. and Jha, M.\,K. and Jones, M. and Jung, K. and Kress, M. and Leonardo, N. and Miller, D.\,H. and Neumeister, N. and Primavera, F. and Radburn-Smith, B.\,C. and Shi, X. and Shipsey, I. and Silvers, D. and Sun, J. and Svyatkovskiy, A. and Wang, F. and Xie, W. and Xu, L. and Zablocki, J. and Parashar, N. and Stupak, J. and Adair, A. and Akgun, B. and Chen, Z. and Ecklund, K.\,M. and Geurts, F.\,J.\,M. and Guilbaud, M. and Li, W. and Michlin, B. and Northup, M. and Padley, B.\,P. and Redjimi, R. and Roberts, J. and Rorie, J. and Tu, Z. and Zabel, J. and Betchart, B. and Bodek, A. and {de Barbaro}, P. and Demina, R. and Eshaq, Y. and Ferbel, T. and Galanti, M. and Garcia-Bellido, A. and Goldenzweig, P. and Han, J. and Harel, A. and Hindrichs, O. and Khukhunaishvili, A. and Petrillo, G. and Verzetti, M. and Demortier, L. and Arora, S. and Barker, A. and Chou, J.\,P. and Contreras-Campana, C. and Contreras-Campana, E. and Duggan, D. and Ferencek, D. and Gershtein, Y. and Gray, R. and Halkiadakis, E. and Hidas, D. and Hughes, E. and Kaplan, S. and {Kunnawalkam Elayavalli}, R. and Lath, A. and Panwalkar, S. and Park, M. and Salur, S. and Schnetzer, S. and Sheffield, D. and Somalwar, S. and Stone, R. and Thomas, S. and Thomassen, P. and Walker, M. and Foerster, M. and Riley, G. and Rose, K. and Spanier, S. and York, A. and Bouhali, O. and {Castaneda Hernandez}, A. and Dalchenko, M. and {De Mattia}, M. and Delgado, A. and Dildick, S. and Eusebi, R. and Flanagan, W. and Gilmore, J. and Kamon, T. and Krutelyov, V. and Montalvo, R. and Mueller, R. and Osipenkov, I. and Pakhotin, Y. and Patel, R. and Perloff, A. and Roe, J. and Rose, A. and Safonov, A. and Tatarinov, A. and Ulmer, K.\,A. and Akchurin, N. and Cowden, C. and Damgov, J. and Dragoiu, C. and Dudero, P.\,R. and Faulkner, J. and Kunori, S. and Lamichhane, K. and Lee, S.\,W. and Libeiro, T. and Undleeb, S. and Volobouev, I. and Appelt, E. and Delannoy, A.\,G. and Greene, S. and Gurrola, A. and Janjam, R. and Johns, W. and Maguire, C. and Mao, Y. and Melo, A. and Sheldon, P. and Snook, B. and Tuo, S. and Velkovska, J. and Xu, Q. and Arenton, M.\,W. and Boutle, S. and Cox, B. and Francis, B. and Goodell, J. and Hirosky, R. and Ledovskoy, A. and Li, H. and Lin, C. and Neu, C. and Wolfe, E. and Wood, J. and Xia, F. and Clarke, C. and Harr, R. and Karchin, P.\,E. and {Kottachchi Kankanamge Don}, C. and Lamichhane, P. and Sturdy, J. and Belknap, D.\,A. and Carlsmith, D. and Cepeda, M. and Christian, A. and Dasu, S. and Dodd, L. and Duric, S. and Friis, E. and Gomber, B. and Hall-Wilton, R. and Herndon, M. and Herv{\'e}, A. and Klabbers, P. and Lanaro, A. and Levine, A. and Long, K. and Loveless, R. and Mohapatra, A. and Ojalvo, I. and Perry, T. and Pierro, G.\,A. and Polese, G. and Ross, I. and Ruggles, T. and Sarangi, T. and Savin, A. and Sharma, A. and Smith, N. and Smith, W.\,H. and Taylor, D. and Woods, N.},
  year = {2015},
  pages = {191803}
}

@comment{jabref-meta: groupsversion:3;}
@comment{jabref-meta: groupstree:
0 AllEntriesGroup:;
1 ExplicitGroup:contrast variation\;0\;cotton_variations_1996\;banc_or
igin_2015\;ballauff_saxs_2001\;araki_resonant_2006\;mitchell_molecular
_2005\;swaraj_utility_2009\;;
1 ExplicitGroup:Lipoproteins\;0\;german_lipoproteins:_2006\;colhoun_li
poprotein_2002\;muller_structure_1978\;tardieu_structure_1976\;stuhrma
nn_neutron_1975\;laggner_molecular_1977\;luzzati_structure_1979\;gardn
er_cd_association_1996\;havel_distribution_1955\;dreon_low-density_199
4\;munro_pathogenesis_1988\;assmann_lipid-protein_1974\;baumstark_stru
cture_1990\;schnitzer_re-evaluation_1994\;;
1 ExplicitGroup:protein coated NP\;0\;cedervall_understanding_2007\;lu
ndqvist_nanoparticle_2008\;monopoli_physicalchemical_2011\;casals_time
_2010\;tenzer_rapid_2013\;gessner_functional_2003\;minelli_characteriz
ation_2014\;garcia-diez_nanoparticle_2015\;wernecke_characterization_2
014-1\;krumrey_high-accuracy_2001\;;
1 ExplicitGroup:SSL osmotic gradient\;0\;terreno_osmotically_2009\;ken
worthy_range_1995\;kinoshita_intermembrane_1998\;pencer_small-angle_20
00\;kiselev_sucrose_2001\;kiselev_sucrose_2001-1\;krumrey_high-accurac
y_2001-1\;kiselev_does_2003\;fernandez_influence_2008\;sakuragi_transf
ormation_2011\;varga_osmotic_2014\;harris_effect_2003\;gabizon_polyeth
ylene_1997\;yamaoka_distribution_1994\;lee_coarse-grained_2011\;wolfra
m_shrinkage_2014\;deme_giant_2002\;ruozi_afm_2009\;spyratou_atomic_200
9\;sou_polyethylene_2000\;liang_effect_2005\;barenholz_liposome_2001\;
varga_characterization_2012\;kawaguchi_application_2004\;undefined\;un
defined\;kuhl_modulation_1994\;atlas_collaboration_combined_2015\;;
}

